2247 3208
126 216 224 246 Amc.
245 217 313 246 1664
913 215 1100 241 Atax-mum
1123 219 1167 242 v11
1193 219 1240 242 Ν).
1740 206 1805 240 953
1852 216 1898 241 An.
1915 214 1943 242 c.
1965 214 2032 241 1664

321 265 487 310 praesenti
512 269 642 298 nostrae
662 265 874 298 declarationi
895 266 1062 298 recum-ia-
1105 265 1236 298 decreto
1261 265 1348 308 quod
1366 266 1495 298 interim
1513 265 1608 298 etiam
1626 269 1698 297 ante
1717 274 1840 296 earum-

323 319 421 358 tione,
437 319 532 352 etiam
550 319 728 352 iuramento
744 320 833 359 sacta,
848 329 914 352 non
932 319 1061 351 obstan·
1104 318 1177 351 dem
1196 318 1376 351 litterarum
1395 318 1635 361 expeditionem
1653 319 1721 350 sola
1738 317 1838 350 nostri

321 372 423 412 tibus;
450 383 532 415 quae
551 372 658 405 omnia
683 383 722 406 eo
748 373 820 415 ipso
846 372 936 404 irrita
957 377 988 404 et
1012 372 1061 403 in·
1081 397 1082 400 ,
1104 371 1281 412 praesentis
1307 371 1540 414 motusproprii
1566 371 1731 413 signatura
1755 369 1840 402 susst-

129 859 240 882 Contraria
250 861 311 882 tollit,

322 425 439 465 valida,
459 436 494 458 ac
515 425 634 458 nullius
649 426 776 458 roboris
796 430 827 458 et
843 424 972 458 ell'ectus
992 424 1060 457 sore

321 482 353 510 et
377 488 447 510 esse
473 483 690 517 censeantur,
716 483 746 510 et
770 478 813 510 ita
837 478 1057 514 declaramus,

321 531 432 573 sicque
463 536 493 563 et
529 541 594 564 non
627 531 721 564 aliter
750 541 808 574 per
840 539 1059 573 quoscumque

321 583 445 617 iudices
479 583 663 616 ordinarios
700 588 731 616 et
762 583 948 625 delegatos,
983 592 1061 625 qua-

321 637 366 670 vis
391 636 580 670 auctoritate
614 637 792 680 fungentes,
824 646 860 668 ac
892 645 1060 667 causarum

323 690 434 733 palatii
471 689 638 733 apostolici
664 688 846 728 auditores,
873 692 956 728 etc.‚
986 687 1061 719 sub-

324 743 408 782 lata,
433 748 516 782 etc.,
542 741 675 774 iudicari
701 746 732 773 et
764 740 890 773 definiri
917 739 1058 779 debere,

323 795 527 837 irritumque,
553 799 629 833 etc.‚
649 793 864 826 decernimus.

367 847 382 890 ἓ
406 846 437 879 6.
465 846 535 879 Non
552 847 754 879 obstantibus
776 846 1060 879 constitutionibus

323 905 355 933 et
379 899 640 932 ordinationibus
664 898 868 942 apostolicis,
895 909 930 932 ae
956 901 1062 932 nostra

324 957 356 985 et
390 952 604 985 cancellariae
642 951 840 994 apostolicae
875 952 987 994 regula
1023 951 1062 984 de

325 1005 394 1037 iure
420 1004 565 1048 quaesito
590 1015 655 1037 non
676 1004 833 1044 tollendo,
855 1014 891 1037 ac
911 1004 1064 1037 ecclesia-

325 1068 397 1090 rum
423 1057 454 1090 in
479 1057 594 1100 quibus
618 1055 777 1089 beneficia
793 1057 981 1089 huiusmodi
999 1057 1064 1089 exi-

327 1115 436 1150 stunt,
465 1120 521 1142 seu
547 1109 705 1152 aquibus
736 1119 866 1142 mensae
897 1109 984 1152 ipsae
1010 1109 1064 1142 de-

326 1163 482 1206 pendent,
502 1162 598 1195 etiam
623 1162 817 1202 iuramento,
836 1167 908 1202 etc„
930 1163 1065 1195 robora-

326 1217 379 1257 tis,
399 1221 475 1257 etc.‚
502 1216 690 1260 privilegiis,
719 1221 794 1256 etc.;
822 1215 939 1259 quibus
964 1216 1065 1248 omni-

325 1269 395 1309 bus,
414 1274 489 1309 etc.,
511 1279 622 1302 eorum
648 1273 788 1307 tenores,
810 1273 871 1301 etc.
893 1269 1061 1307 latissime,

326 1321 386 1354 hac
402 1321 470 1354 vice
484 1321 655 1361 dumtaxat,
669 1321 850 1364 specialiter
866 1326 898 1354 et
914 1331 1064 1364 expresse

325 1380 414 1408 motu
438 1374 509 1417 pari
540 1375 754 1417 derogamus;
781 1374 963 1417 ceterisque
989 1384 1065 1406 con-

326 1427 433 1460 trariis
455 1427 723 1471 quibuscumque,
742 1438 815 1460 cum
833 1427 983 1460 clausulis
1008 1437 1066 1470 op-

326 1479 490 1523 portunis.

414 1532 483 1565 Fiat
507 1532 735 1575 motuproprio
761 1532 794 1564 F.

370 1585 408 1619 Et
433 1586 519 1629 quod
551 1586 732 1619 litterarum
756 1585 995 1629 praedictarum
1021 1590 1066 1618 te-

328 1649 424 1672 nores
449 1639 545 1672 etiam
570 1639 726 1677 veriores,
751 1649 788 1671 ac
813 1639 913 1678 datae,
940 1648 976 1670 ac
1002 1638 1066 1670 sin-

328 1693 479 1735 gulorum
511 1691 792 1735 peusionariorum
826 1691 1065 1734 praedictorum

329 1745 513 1787 dignitates,
534 1744 704 1787 qualitates
729 1749 760 1777 et
783 1745 1065 1787 praeeminentias,

329 1797 428 1830 etiam
441 1797 573 1839 speciali
586 1799 663 1829 nota
677 1797 802 1839 dignas,
821 1802 853 1829 et
867 1797 945 1829 alias
961 1797 998 1829 de
1014 1807 1067 1829 ne-

329 1851 476 1883 cessitate
503 1850 739 1892 exprimendas,
763 1850 987 1892 praesentibus
1007 1861 1066 1894 pro

329 1903 573 1936 individualiter
587 1903 746 1945 expressis
765 1901 946 1941 habentes¹,
963 1913 1018 1935 seu
1036 1903 1067 1936 in

332 1962 398 1989 toto
419 1957 468 1989 vel
494 1956 526 1988 in
550 1961 642 1999 parte
668 1956 803 1999 exprimi
823 1957 948 1999 possint
965 1957 996 1988 in
1018 1957 1069 1989 lit-

331 2009 426 2049 teris;
451 2014 482 2042 et
503 2009 541 2041 de
556 2009 786 2049 declaratione,
806 2009 1066 2047 denunciatione,

332 2061 538 2102 avocatione,
568 2062 773 2101 extinctione,
796 2062 914 2095 silentii
940 2063 1070 2105 imposi-

332 2115 421 2147 tione
446 2115 581 2157 singulis
607 2115 870 2157 derogationibus
899 2120 931 2147 et
961 2115 1070 2148 decre-

333 2167 382 2207 tis,
407 2172 443 2199 ut
466 2177 564 2210 supra
588 2167 619 2200 in
645 2167 761 2202 littenis
783 2168 935 2200 latissime
961 2173 1070 2200 exten-

333 2220 467 2259 dendis;
487 2225 517 2252 et
541 2221 627 2263 quod
652 2221 905 2263 praemissorum
926 2221 1069 2253 omnium

333 2279 365 2305 et
388 2273 597 2315 singulorum,
628 2274 723 2314 etiam
749 2274 1068 2314 denominationum,

333 2325 547 2369 qualitatum,
575 2326 777 2369 aliorumque
814 2327 1070 2360 necessariorum

333 2378 437 2411 maior
462 2383 493 2410 et
516 2378 624 2411 verior
642 2379 837 2421 specificatio
857 2384 889 2412 et
906 2380 1070 2423 expressio

333 2430 404 2464 fieri
429 2431 529 2474 possit
548 2431 579 2463 in
597 2424 724 2472 litteris,
744 2432 770 2464 si
787 2432 956 2472 videbitur,
975 2432 1070 2465 etiam

335 2495 394 2527 per
416 2485 499 2517 viam
525 2485 564 2518 de
589 2485 677 2518 curia
693 2485 924 2529 expediendis;
944 2491 975 2518 et
1000 2495 1070 2518 cum

372 2557 384 2582 1
406 2555 526 2591 Syntaxis
546 2555 666 2589 turbata;
687 2560 824 2591 oporteret
843 2556 934 2591 legere
954 2556 1070 2591 diynae,

335 2603 362 2628 el
377 2600 452 2628 alitis
467 2601 675 2636 exprimendae
680 2621 752 2628 ......
770 2601 932 2630 habeantur
950 2602 984 2636 (a.
1002 2601 1052 2635 T.).

1103 423 1173 462 ciat,
1207 429 1239 456 et
1262 423 1383 466 ubique
1409 425 1538 466 plenam
1567 423 1662 456 fidem
1689 423 1782 456 saciat
1806 422 1839 455 in

1103 475 1222 510 iudicio
1248 481 1279 508 et
1299 482 1395 515 extra,
1415 477 1525 518 regula
1543 487 1744 519 quacumque
1766 486 1841 508 con-

1103 529 1202 561 traria
1225 538 1290 562 non
1316 529 1482 568 obstante;
1504 534 1533 561 et
1556 528 1655 561 sirmis
1672 539 1841 562 remanen-

1103 581 1186 614 tibus
1204 582 1320 614 ceteris
1337 583 1487 615 omnibus
1504 587 1535 614 et
1552 582 1686 624 singulis
1706 593 1765 624 per
1781 593 1840 615 nos

1103 634 1134 666 in
1152 634 1243 667 dictis
1264 634 1380 667 litteris
1399 634 1615 677 impositionis
1641 635 1840 667 decimarum

1103 686 1266 729 dispositis
1290 691 1322 719 et
1346 687 1513 719 ordinatis.

1147 738 1260 771 Datum
1286 739 1406 772 Rornae
1432 740 1517 782 apud
1541 739 1571 772 S.
1595 739 1722 772 Mariam
1747 739 1842 772 Maio-

1103 801 1184 831 rem,
1212 791 1358 825 kalendis
1383 792 1506 835 aprilis,
1530 802 1615 825 anno
1640 802 1681 825 lx.

1140 851 1235 880 Datum
1253 852 1376 880 kalendis
1391 853 1483 889 aprilis
1496 852 1566 880 1664
1580 855 1586 869 ¹
1604 860 1673 880 anno
1689 859 1725 880 ix.

1399 966 1552 1000 CDLXXI.

1104 1038 1288 1070 Atlestczlur
1329 1037 1634 1071 excellentissimum
1673 1038 1843 1071 dominum

1147 1091 1329 1134 principem
1357 1091 1501 1124 Marium
1527 1091 1675 1125 Chz'sv'um
1707 1092 1842 1134 fratrem

1149 1144 1234 1177 Suae
1258 1144 1450 1177 sanctitatis
1467 1155 1503 1176 ac
1521 1144 1727 1186 capitaneum
1750 1154 1843 1186 yene-

1150 1196 1247 1228 rulem
1278 1197 1308 1229 S.
1333 1197 1369 1229 R.
1390 1196 1425 1229 E.
1454 1206 1524 1228 vere
1555 1197 1754 1229 innocentem
1780 1206 1843 1229 esse

1150 1249 1182 1280 in
1208 1249 1353 1280 omnibus
1379 1249 1447 1280 illis
1465 1259 1549 1292 quae
1573 1249 1624 1281 die
1646 1259 1686 1282 xx
1710 1250 1844 1291 anqusti

1150 1311 1280 1335 MDCan
1296 1302 1499 1344 comiqerum
1513 1303 1547 1334 in
1561 1302 1649 1334 alma
1666 1301 1755 1342 Urbe,
1772 1301 1840 1334 etc‘³.

1299 1373 1464 1400 Alexander
1483 1373 1561 1407 Papa
1580 1373 1630 1400 VII
1643 1395 1649 1406 ,

1243 1419 1278 1444 ad
1301 1417 1434 1444 futuram
1458 1418 1503 1444 rei
1523 1418 1704 1444 memoriam.

1151 1479 1226 1512 Cum
1252 1480 1389 1512 dilectus
1413 1478 1497 1512 filius
1523 1479 1642 1512 nobilis
1658 1479 1706 1511 vir
1726 1479 1843 1512 Marius

1107 1532 1244 1573 Chisius,
1258 1532 1411 1576 princeps
1426 1532 1542 1565 Terrae
1559 1532 1777 1576 Campaniani,
1792 1543 1845 1566 no-

1107 1591 1172 1618 ster
1195 1585 1372 1618 secundum
1398 1595 1527 1618 carnem
1553 1585 1651 1618 frater
1665 1596 1844 1628 germanus,

1107 1637 1269 1681 totiusque
1302 1643 1432 1670 nostrae
1463 1643 1495 1670 et
1526 1637 1557 1671 S.
1586 1637 1622 1670 R.
1650 1637 1684 1670 E.
1711 1637 1845 1671 militiae

1108 1696 1171 1722 tam
1193 1689 1349 1733 equestris
1363 1700 1459 1732 quam
1479 1689 1640 1732 pedestris
1659 1689 1846 1733 capitaneus

1108 1748 1139 1775 et
1159 1742 1356 1785 gubernator
1370 1742 1539 1785 generalis,
1554 1743 1639 1775 circa
1657 1748 1846 1776 attentatum

1109 1795 1160 1828 die
1190 1806 1229 1829 xx
1262 1796 1392 1838 augusti
1422 1805 1554 1829 moctxu
1587 1795 1619 1828 iu
1652 1797 1736 1828 alma
1759 1795 1845 1828 Urbe

1109 1851 1218 1880 nostra
1249 1854 1363 1881 contra
1388 1849 1541 1882 dilectum
1571 1847 1672 1880 fitium
1702 1848 1847 1881 nobilem

1109 1901 1214 1934 virum
1241 1902 1354 1934 ducem
1384 1901 1557 1945 Crequium
1587 1912 1645 1944 pro
1679 1900 1846 1934 carissimo

1110 1955 1142 1987 in
1171 1954 1296 1987 Christo
1334 1954 1400 1987 silio
1434 1959 1547 1986 nostro
1577 1953 1737 1986 Ludovico
1770 1964 1846 1996 rege

1111 2008 1381 2041 christianissimo
1400 2009 1485 2051 apud
1503 2018 1562 2040 nos
1581 2013 1613 2041 et
1630 2007 1745 2040 Sedem
1764 2008 1848 2050 Apo-

1111 2061 1257 2094 stolicam
1279 2067 1441 2094 oratorem
1458 2073 1475 2093 a
1492 2061 1649 2093 militibus
1666 2060 1795 2093 Corsis‘³
1814 2061 1846 2092 in

1111 2114 1223 2146 eadem
1247 2113 1331 2146 Urbe
1358 2119 1431 2146 tunc
1464 2113 1675 2146 existentibus
1700 2113 1849 2145 commis·

1112 2177 1191 2207 sum,
1208 2172 1338 2199 testatus
1366 2167 1461 2199 suerit
1491 2172 1527 2199 ut
1550 2166 1649 2207 infra,
1676 2166 1846 2199 videlieet:

1161 2232 1174 2250 a
1200 2219 1232 2252 lo
1257 2219 1355 2252 Mario
1386 2219 1477 2262 Chigi
1509 2225 1628 2252 attesto
1661 2219 1693 2251 in
1720 2219 1790 2252 sede
1817 2218 1848 2252 di

1150 2335 1158 2360 1
1175 2333 1222 2360 Ed.
1236 2334 1317 2360 Main.
1330 2334 1418 2370 posuit
1430 2334 1499 2361 hanc
1511 2333 1612 2361 Bullam
1628 2334 1677 2361 suh
1689 2342 1752 2361 anu.
1768 2332 1849 2367 tt363;

1113 2383 1139 2405 at
1148 2378 1280 2406 kalendae
1291 2378 1383 2413 aprilis
1394 2379 1455 2405 anni
1467 2387 1492 2405 lx
1503 2378 1638 2414 pertinent
1648 2378 1681 2405 ad
1692 2387 1754 2405 ann.
1767 2377 1848 2411 1664;

1114 2423 1229 2458 ideoque
1245 2431 1293 2450 nos
1308 2423 1380 2450 illam
1396 2422 1448 2449 huc
1462 2423 1658 2451 transtulimus.

1148 2468 1164 2494 2
1184 2467 1220 2495 Ex
1242 2467 1346 2502 Regest.
1367 2467 1394 2494 in
1413 2467 1514 2494 Secret.
1536 2467 1612 2494 Brev.

1148 2512 1164 2539 3
1185 2511 1220 2538 De
1243 2511 1292 2537 hac
1307 2519 1336 2538 re
1352 2511 1411 2538 vide
1427 2519 1507 2547 supra
1522 2519 1582 2546 pag.
1603 2512 1672 2544 1433
1693 2511 1755 2538 hinc
1777 2514 1850 2547 patet

1113 2556 1150 2582 ibi
1164 2555 1247 2583 fuisse
1263 2555 1407 2590 legendum
1420 2556 1519 2583 Corsos
1534 2563 1582 2590 pro
1597 2563 1737 2588 ems-ores,
1751 2555 1788 2583 uti
1803 2563 1849 2582 er-

1113 2608 1195 2628 ronee
1211 2608 1257 2628 nos
1278 2599 1414 2635 posuimus
1429 2602 1469 2635 (n.
1483 2600 1531 2635 τ.).
1650 2599 1653 2601 ’

1882 1488 2024 1508 Prooemium.
