2247 3208
203 267 252 294 Λη.
270 267 298 294 c.
323 266 390 294 1669
438 256 500 291 778

241 852 390 880 Transumpio-

206 886 252 901 rum
267 880 326 901 tides.

246 2176 387 2198 Prooemium.

402 313 518 349 litteris
543 312 732 357 apostolicis
756 312 789 344 in
822 310 1020 345 contrarium
1043 320 1137 354 prae·

400 368 571 400 missorum
597 363 847 409 quomodolibet
870 362 1042 402 concessis,
1061 373 1137 395 con-

398 418 531 452 firmatis
556 422 586 450 et
607 416 782 457 innovatis,
802 415 919 460 quibus
937 415 1088 448 omnibus
1107 420 1138 448 et

399 471 553 514 singulis,
581 470 711 502 illorum
746 474 875 502 tenores
910 468 1136 512 praesentibus

399 535 458 569 pro
494 525 588 567 plene
622 528 653 555 et
685 521 880 554 sufficienter
912 521 1069 565 expressis
1102 532 1138 554 ac

399 577 438 610 ad
463 575 598 609 verbum
623 574 753 607 insertis
778 574 945 615 habentes,
971 574 1035 607 illis
1059 573 1137 607 alias

399 629 432 663 in
458 639 515 661 suo
533 627 652 661 robore
669 627 903 670 permansuris,
923 627 962 659 ad
982 626 1138 670 praemis-

399 691 507 715 sorum
529 679 686 720 effectum,
709 679 770 712 hac
786 679 853 712 vice
871 679 1045 719 dumtaxat,
1064 689 1138 722 spe-

400 735 523 768 cialiter
547 738 580 766 et
611 743 763 777 expresse
800 732 1014 775 derogamus;
1051 736 1138 765 cete-

400 788 510 831 risque
535 786 705 819 contrariis
730 784 998 828 quibuscumque.

445 841 461 885 ἓ
496 839 527 873 5.
562 839 713 872 Volumus
745 842 852 870 autem
884 842 919 869 ut
949 837 1138 870 earumdem

401 892 621 938 praesentium
647 892 823 927 litterarum
839 889 1060 933 transumptis,
1081 900 1139 923 seu

403 946 565 990 exemplis,
586 945 683 979 etiam
700 944 878 988 impressis,
897 953 995 976 manu
1006 943 1139 976 alicuius

403 999 521 1033 notarii
539 998 659 1042 publici
680 996 877 1040 subscriptis,
898 1001 930 1028 et
943 995 1049 1038 sigillo
1067 1005 1140 1038 per-

403 1062 502 1085 sonae
529 1051 561 1084 in
587 1049 803 1084 ecclesiastica
833 1048 988 1092 dignitate
1020 1048 1140 1081 consti-

403 1109 492 1137 tutae
517 1103 662 1143 munitis,
690 1103 802 1135 eadem
824 1111 954 1145 prorsus
975 1100 1054 1134 fides
1078 1106 1140 1133 tam

403 1158 436 1192 in
460 1156 580 1190 iudicio
611 1166 706 1200 quam
731 1160 820 1188 extra
851 1154 932 1187 illud
968 1154 1138 1193 habeatur,

405 1220 485 1255 quae
521 1209 598 1253 ipsis
633 1208 857 1252 praesentibus
890 1207 1087 1247 haberetur,
1115 1206 1140 1239 si

405 1265 514 1298 forent
537 1262 700 1296 exhibitae
724 1262 773 1294 vel
798 1266 959 1294 ostensae.

448 1315 564 1349 Datum
595 1314 735 1353 Romae,
757 1313 844 1357 apud
871 1312 902 1346 S.
927 1312 1058 1345 Mariam
1079 1311 1142 1345 Ma-

405 1370 509 1403 iorem
525 1395 533 1409 ,
560 1368 620 1400 sub
646 1368 766 1400 annulo
792 1366 982 1406 piscatoris,
1007 1365 1059 1399 die
1086 1375 1142 1399 vin

406 1421 513 1455 martii
538 1430 684 1460 unctxix,
718 1418 929 1464 pontificatus
958 1419 1063 1460 nostri
1087 1428 1143 1451 an-

407 1485 450 1510 no
468 1485 503 1508 11.

442 1537 504 1565 Dat.
525 1536 568 1564 die
588 1536 603 1564 8
624 1535 712 1564 martii
731 1535 810 1570 1869,
832 1534 927 1570 pontif.
945 1542 1015 1562 anno
1035 1539 1062 1562 u.

755 1676 802 1711 CI.

411 1762 580 1796 Decretum
604 1760 640 1792 in
674 1769 737 1802 quo
769 1760 940 1790 conventus
970 1755 1144 1795 Liciensis‚

411 1804 415 1807 ¹
457 1814 582 1853 Grumi,
600 1811 760 1855 Ripaldae
773 1815 800 1843 et
816 1809 1010 1844 Caldarozae
1028 1807 1148 1842 Ordini

454 1867 597 1909 fratrum
610 1865 775 1898 Minorum
795 1861 1065 1897 Conventualium
1077 1870 1149 1893 san-

456 1920 499 1952 cti
523 1919 553 1952 F
554 1918 702 1957 ranciscz',
727 1927 800 1950 cum
820 1916 966 1948 omnibus
983 1914 1080 1954 bonis,
1097 1914 1148 1946 iu-

456 1972 548 2004 ribus
563 1975 591 2004 et
613 1970 831 2014 pertinentiis,
857 1969 1104 2002 adiudicantur.

625 2050 758 2077 clemens
782 2050 861 2083 Papa
880 2034 936 2082 11,

552 2094 587 2121 ad
607 2094 743 2121 futuram
762 2093 809 2121 rei
828 2092 1006 2120 memoriam.

459 2167 501 2200 Ex
520 2167 663 2199 iniuncto
684 2164 778 2198 nobis
800 2164 934 2198 caelitus
951 2163 1150 2207 apostolicae

416 2220 576 2254 servitutis
610 2219 717 2252 officio
750 2218 979 2261 religiosorum
1008 2217 1150 2250 virorum

416 2274 519 2313 statui,
547 2277 703 2316 quantum
723 2282 793 2304 cum
810 2270 948 2304 Domino
968 2279 1150 2313 possumus,

417 2327 587 2360 salubriter
610 2325 781 2369 providere
815 2324 1002 2368 cupientes,
1036 2334 1073 2356 ac
1105 2323 1152 2356 di-

417 2381 535 2413 lectum
549 2378 648 2411 filium
659 2378 833 2411 Antonium
846 2377 993 2411 Latinum
1006 2376 1044 2409 ab
1063 2376 1152 2408 Ame-

418 2433 474 2473 ria,
501 2431 754 2464 commissarium
780 2441 815 2463 ac
839 2430 992 2462 vicarium
1018 2439 1153 2472 genera-

418 2487 483 2520 lem
519 2483 646 2517 Ordinis
691 2484 823 2516 fratrum
858 2483 1013 2515 Minorum
1052 2481 1152 2514 sancti

419 2536 579 2572 Francisci
604 2535 868 2569 Conventualium
885 2539 1152 2578 nuncupatorum,

421 2589 614 2635 specialibus
639 2588 797 2621 favoribus
823 2594 854 2621 et
874 2588 984 2631 gratiis
1002 2587 1153 2631 prosequi

423 2645 578 2683 volentes,
607 2647 638 2675 et
654 2652 671 2675 a
688 2641 849 2685 quibusvis
866 2640 1155 2675 excommunicato-

983 262 1161 287 BULLARIUM
1185 261 1336 287 ROMANUM

1178 309 1237 349 niS,
1263 309 1482 353 suspensionis
1508 316 1539 343 et
1565 310 1743 351 interdicti,
1777 310 1914 354 aliisque

1179 362 1403 395 ecclesiasticis
1426 363 1605 404 sententiis,
1631 363 1772 397 censuris
1791 369 1823 397 et
1839 374 1915 407 poe-

1179 415 1237 454 nis,
1257 425 1275 447 a
1294 415 1362 448 iure
1386 415 1435 447 vel
1460 416 1499 448 ab
1525 415 1668 456 homine,
1693 416 1802 459 quavis
1822 427 1914 450 occa-

1179 468 1269 501 sione
1294 470 1345 501 vel
1370 470 1466 501 causa
1491 468 1571 508 latis,
1598 468 1624 500 si
1650 469 1767 512 quibus
1785 479 1915 512 quomo-

1180 521 1302 555 dolibet
1325 521 1499 554 innodatus
1529 520 1655 561 existit,
1692 522 1732 554 ad
1768 520 1915 554 effectum

1179 575 1398 617 praesentium
1415 579 1539 607 tantum
1560 574 1838 617 consequendum,
1857 575 1915 607 ha-

1179 638 1249 660 rum
1273 628 1356 661 serie
1376 628 1580 661 absolventes
1597 633 1629 661 et
1645 628 1828 661 absolutum
1846 629 1914 661 fore

1180 686 1370 721 censentes,

1223 734 1238 777 ἓ
1268 735 1299 767 1.
1337 734 1634 778 Supplicationibus
1673 735 1740 767 eius
1783 734 1913 767 nomine

1920 262 1969 289 An.
1988 261 2017 289 C.
2040 261 2107 288 ¹669

1981 742 2110 768 suppressio

1890 785 1895 791 .
1932 770 2102 794 congregauonis

1180 787 1273 820 nobis
1312 797 1408 831 super
1447 787 1508 819 hoc
1547 786 1714 819 humiliter
1757 792 1914 830 porrectis

1180 839 1334 879 inclinati,
1357 840 1396 872 de
1425 839 1562 872 consilio
1594 839 1827 872 venerabilium
1855 839 1916 871 Ira-

1182 897 1266 925 trum
1290 898 1474 925 nostrorum
1502 892 1532 925 S.
1567 891 1604 924 R.
1637 891 1671 924 E.
1703 891 1915 924 cardinalium

1181 945 1440 988 congregationis
1465 956 1565 989 super
1599 951 1681 978 statu
1716 944 1916 987 regularium

1183 998 1364 1041 deputatae,
1389 998 1441 1042 qui
1459 999 1581 1031 litteras
1600 997 1700 1031 felicis
1721 997 1917 1030 recordatio-

1182 1051 1231 1083 nis
1262 1050 1379 1084 Urbani
1418 1051 1522 1094 Papae
1554 1050 1616 1083 VIII
1655 1050 1916 1094 praedecessoris

1183 1104 1283 1136 nostri
1305 1104 1356 1137 die
1380 1114 1411 1137 vl
1436 1103 1575 1136 februari
1592 1113 1730 1137 iincxxv1
1752 1113 1850 1146 super
1867 1113 1919 1135 ex-

1185 1156 1338 1190 tinctione
1358 1167 1394 1189 ac
1411 1155 1639 1199 suppressione
1658 1156 1918 1198 congregationis

1184 1210 1317 1242 fratrum
1353 1209 1619 1242 Conventualium
1658 1209 1919 1242 Reformatorum

1184 1261 1330 1295 eiusdem
1347 1261 1449 1295 sancti
1466 1261 1628 1295 Francisci
1646 1267 1820 1300 emanatas,
1845 1255 1919 1294 nec-

1184 1325 1250 1348 non
1274 1325 1353 1347 unas
1387 1315 1437 1348 die
1466 1325 1517 1348 xvi
1544 1315 1737 1358 septembris
1767 1324 1920 1349 iincrxvn

1185 1378 1283 1411 super
1313 1367 1453 1400 transitu
1487 1368 1620 1400 fratrum
1652 1367 1811 1400 Minorum
1840 1366 1921 1400 Con-

1185 1421 1384 1454 ventualium
1410 1421 1484 1454 dicti
1516 1421 1643 1454 Ordinis
1668 1422 1707 1453 ad
1737 1421 1920 1463 praedictos

1186 1474 1299 1507 fratres
1323 1474 1526 1507 Reformatos
1556 1479 1770 1507 conventuum
1803 1473 1856 1516 qui
1888 1473 1921 1506 in

1186 1527 1230 1561 eis
1261 1532 1335 1570 post
1369 1527 1635 1570 suppressionem
1671 1531 1918 1566 remanserant,

1187 1586 1217 1613 et
1234 1581 1352 1613 alteras
1371 1586 1499 1613 nostras
1518 1580 1551 1613 in
1572 1580 1668 1613 simili
1689 1580 1790 1612 forma
1810 1579 1920 1612 Brevis

1188 1633 1357 1666 novissime
1381 1633 1555 1676 expeditas,
1581 1632 1696 1676 quibus
1714 1631 1922 1675 (confirman-

1189 1687 1229 1720 do
1247 1686 1414 1719 decretum
1435 1696 1452 1718 a
1472 1686 1722 1729 congregatione
1742 1684 1922 1728 praedicto-

1189 1750 1258 1772 rum
1276 1738 1487 1771 cardinalium
1509 1738 1633 1772 editum
1657 1738 1709 1772 die
1727 1748 1766 1771 xv
1790 1748 1923 1771 novem-

1189 1792 1255 1824 bris
1280 1801 1463 1832 Mnerxvui,
1494 1790 1646 1823 tribuitur
1673 1791 1809 1824 facultas
1839 1795 1924 1823 ante-

1191 1844 1282 1879 dictis
1318 1844 1468 1877 fratribus
1505 1844 1695 1877 Reformatis
1730 1843 1924 1886 degentibus

1191 1898 1224 1931 in
1249 1898 1463 1931 conventibus
1492 1896 1629 1930 Licicnsi
1664 1902 1696 1930 et
1729 1896 1923 1940 oppidorum

1192 1950 1309 1991 Grumi,
1335 1950 1491 1994 Ripaldae
1515 1954 1547 1983 et
1570 1949 1768 1990 Caldamlae,
1789 1948 1844 1991 qui
1862 1948 1924 1981 soli

1192 2015 1277 2037 nunc
1308 2014 1476 2048 superesse
1509 2008 1706 2043 noscuntur,
1737 2001 1925 2034 transeundi

1193 2058 1232 2091 ad
1256 2058 1358 2091 dictos
1383 2057 1497 2090 fratres
1524 2057 1662 2089 Minores
1690 2055 1925 2088 Conventuales

1193 2110 1292 2144 sancti
1317 2110 1495 2151 Francisci,
1529 2115 1583 2143 aut
1612 2110 1652 2142 ad
1689 2117 1926 2151 quamcumque

1194 2162 1287 2195 aliam
1312 2161 1502 2204 religionem
1520 2171 1631 2205 parem
1660 2161 1709 2192 vel
1734 2158 1926 2192 strictiorem

1194 2226 1211 2248 a
1235 2215 1316 2247 Sede
1342 2214 1525 2258 Apostolica
1550 2212 1774 2257 approbatam,
1801 2211 1835 2244 in
1863 2221 1927 2254 qua

1194 2269 1370 2301 benevolos
1407 2267 1590 2300 invenerint
1626 2264 1829 2308 receptores)
1866 2263 1928 2296 eis-

1195 2331 1257 2364 que
1283 2320 1447 2353 inhibetur
1470 2330 1509 2352 ne
1539 2319 1576 2351 do
1608 2324 1716 2351 cetero
1742 2317 1928 2360 quempiam

1196 2385 1232 2406 ex
1250 2373 1518 2406 Conventualibus
1539 2371 1721 2412 antedictis,
1746 2371 1795 2403 vel
1814 2380 1851 2403 ex
1868 2369 1929 2402 alia

1195 2426 1360 2469 religione,
1382 2431 1437 2459 aut
1460 2436 1497 2458 ex
1517 2417 1634 2466 seculo,
1652 2424 1691 2457 ad
1715 2423 1861 2457 habitum
1879 2423 1929 2454 vel

1197 2480 1432 2524 professionem
1450 2479 1629 2518 admittant,
1648 2479 1705 2510 sub
1726 2476 1840 2520 poenis
1865 2475 1930 2508 nul-

1197 2533 1294 2566 litatis
1319 2538 1420 2573 actus,
1440 2537 1471 2565 et
1488 2529 1827 2564 excommunicationis
1844 2529 1928 2560 latae

1197 2586 1387 2625 sententiae,
1413 2595 1477 2618 uon
1496 2583 1697 2617 obstantibus
1715 2575 1930 2614 anterioribus

1197 2638 1315 2672 nostris
1348 2637 1463 2671 litteris
1498 2635 1696 2680 praedictis,
1724 2633 1850 2677 aliaque
1884 2631 1931 2666 vi-

1926 795 2011 815 fratrum
2053 795 2108 816 con-

1926 823 2055 842 ventualium
2069 821 2110 842 Re·

1927 847 2061 868 formatorum
2081 848 2108 868 ab

1927 873 2011 894 Urbano
2024 874 2067 895 vul
2081 874 2112 895 fa-

1927 906 1968 921 cla.

1991 2267 2057 2289 nrm
2082 2273 2120 2293 pm

1939 2296 2027 2315 tranum
2042 2294 2068 2314 ati
2084 2294 2122 2314 (vr-⁶

1940 2322 2008 2341 ,Unum
2023 2321 2095 2341 albm-
