<?xml version="1.0" encoding="UTF-8"?>
<!DOCTYPE html PUBLIC "-//W3C//DTD XHTML 1.0 Transitional//EN"
    "http://www.w3.org/TR/xhtml1/DTD/xhtml1-transitional.dtd">
<html xmlns="http://www.w3.org/1999/xhtml" xml:lang="en" lang="en">
 <head>
  <title>
</title>
<meta http-equiv="Content-Type" content="text/html;charset=utf-8" />
  <meta name='ocr-system' content='tesseract 3.04.00' />
  <meta name='ocr-capabilities' content='ocr_page ocr_carea ocr_par ocr_line ocrx_word'/>
</head>
<body>
  <div class='ocr_page' id='page_1' title='image "./bullarumdiplomat17cath_0874.png"; bbox 0 0 2247 3208; ppageno 0'>
   <div class='ocr_carea' id='block_1_1' title="bbox 213 290 401 318">
    <p class='ocr_par' dir='ltr' id='par_1_1' title="bbox 213 290 401 318">
     <span class='ocr_line' id='line_1_1' title="bbox 213 290 401 318; baseline -0.005 0"><span class='ocrx_word' id='word_1_1' title='bbox 213 292 266 318; x_wconf 72' lang='lat' dir='ltr'>An.</span> <span class='ocrx_word' id='word_1_2' title='bbox 284 290 311 318; x_wconf 88' lang='lat' dir='ltr'>C.</span> <span class='ocrx_word' id='word_1_3' title='bbox 335 290 401 318; x_wconf 68' lang='lat'>1050</span> 
     </span>
    </p>
   </div>
   <div class='ocr_carea' id='block_1_2' title="bbox 205 1721 390 1796">
    <p class='ocr_par' dir='ltr' id='par_1_2' title="bbox 205 1721 390 1796">
     <span class='ocr_line' id='line_1_2' title="bbox 226 1721 389 1743; baseline 0.018 -3"><span class='ocrx_word' id='word_1_4' title='bbox 226 1721 327 1743; x_wconf 52' lang='lat' dir='ltr'>(macenti</span> <span class='ocrx_word' id='word_1_5' title='bbox 337 1721 389 1743; x_wconf 65' lang='lat' dir='ltr'>Pou—</span> 
     </span>
     <span class='ocr_line' id='line_1_3' title="bbox 205 1750 390 1770; baseline 0.016 -3"><span class='ocrx_word' id='word_1_6' title='bbox 205 1750 254 1768; x_wconf 58' lang='grc' dir='ltr'>υἷι-κ</span> <span class='ocrx_word' id='word_1_7' title='bbox 275 1752 297 1769; x_wconf 81' lang='grc' dir='ltr'>ιιι</span> <span class='ocrx_word' id='word_1_8' title='bbox 320 1756 340 1770; x_wconf 81' lang='lat' dir='ltr'>in</span> <span class='ocrx_word' id='word_1_9' title='bbox 355 1755 390 1770; x_wconf 90' lang='lat' dir='ltr'>ru·</span> 
     </span>
     <span class='ocr_line' id='line_1_4' title="bbox 205 1775 272 1796; baseline 0.015 -1"><span class='ocrx_word' id='word_1_10' title='bbox 205 1775 272 1796; x_wconf 64' lang='lat' dir='ltr'>bava.</span> 
     </span>
    </p>
   </div>
   <div class='ocr_carea' id='block_1_3' title="bbox 405 279 1146 633">
    <p class='ocr_par' dir='ltr' id='par_1_3' title="bbox 405 279 1146 633">
     <span class='ocr_line' id='line_1_5' title="bbox 447 279 510 314; baseline -0.016 0"><span class='ocrx_word' id='word_1_11' title='bbox 447 279 510 314; x_wconf 57' lang='grc' dir='ltr'>ἰ’-56</span> 
     </span>
     <span class='ocr_line' id='line_1_6' title="bbox 407 333 1146 380; baseline -0.012 -8"><span class='ocrx_word' id='word_1_12' title='bbox 407 341 479 372; x_wconf 85' lang='lat' dir='ltr'>loca</span> <span class='ocrx_word' id='word_1_13' title='bbox 496 337 548 380; x_wconf 88' lang='lat' dir='ltr'>pia</span> <span class='ocrx_word' id='word_1_14' title='bbox 567 334 701 368; x_wconf 80' lang='lat' dir='ltr'>civitatis</span> <span class='ocrx_word' id='word_1_15' title='bbox 719 333 900 376; x_wconf 75' lang='lat' dir='ltr'>Ragusinae</span> <span class='ocrx_word' id='word_1_16' title='bbox 916 333 1059 375; x_wconf 77' lang='lat' dir='ltr'>legitime</span> <span class='ocrx_word' id='word_1_17' title='bbox 1078 342 1146 375; x_wconf 82' lang='lat' dir='ltr'>spe-</span> 
     </span>
     <span class='ocr_line' id='line_1_7' title="bbox 408 384 1145 431; baseline -0.009 -8"><span class='ocrx_word' id='word_1_18' title='bbox 408 390 534 429; x_wconf 83' lang='lat' dir='ltr'>ctantia,</span> <span class='ocrx_word' id='word_1_19' title='bbox 555 398 690 431; x_wconf 88' lang='lat' dir='ltr'>quorum</span> <span class='ocrx_word' id='word_1_20' title='bbox 716 387 836 419; x_wconf 86' lang='lat' dir='ltr'>fructus</span> <span class='ocrx_word' id='word_1_21' title='bbox 862 391 995 428; x_wconf 84' lang='lat' dir='ltr'>propter</span> <span class='ocrx_word' id='word_1_22' title='bbox 1019 384 1145 417; x_wconf 88' lang='lat' dir='ltr'>notabi-</span> 
     </span>
     <span class='ocr_line' id='line_1_8' title="bbox 407 438 1145 483; baseline -0.009 -7"><span class='ocrx_word' id='word_1_23' title='bbox 407 445 471 476; x_wconf 99' lang='lat' dir='ltr'>lem</span> <span class='ocrx_word' id='word_1_24' title='bbox 494 441 679 474; x_wconf 72' lang='lat' dir='ltr'>reddituum</span> <span class='ocrx_word' id='word_1_25' title='bbox 705 450 762 483; x_wconf 85' lang='lat' dir='ltr'>pro</span> <span class='ocrx_word' id='word_1_26' title='bbox 788 450 900 472; x_wconf 86' lang='lat' dir='ltr'>eorum</span> <span class='ocrx_word' id='word_1_27' title='bbox 933 438 1032 471; x_wconf 89' lang='lat' dir='ltr'>fundo</span> <span class='ocrx_word' id='word_1_28' title='bbox 1067 438 1145 470; x_wconf 81' lang='lat' dir='ltr'>assi-</span> 
     </span>
     <span class='ocr_line' id='line_1_9' title="bbox 407 491 1146 538; baseline -0.007 -10"><span class='ocrx_word' id='word_1_29' title='bbox 407 500 576 538; x_wconf 79' lang='lat' dir='ltr'>gnatorum</span> <span class='ocrx_word' id='word_1_30' title='bbox 596 492 879 526; x_wconf 68' lang='lat' dir='ltr'>deteriorationem</span> <span class='ocrx_word' id='word_1_31' title='bbox 894 491 1082 524; x_wconf 72' lang='lat' dir='ltr'>notabiliter</span> <span class='ocrx_word' id='word_1_32' title='bbox 1100 491 1146 523; x_wconf 92' lang='lat' dir='ltr'>di-</span> 
     </span>
     <span class='ocr_line' id='line_1_10' title="bbox 406 543 1143 589; baseline -0.007 -9"><span class='ocrx_word' id='word_1_33' title='bbox 406 548 521 581; x_wconf 90' lang='lat' dir='ltr'>minuti</span> <span class='ocrx_word' id='word_1_34' title='bbox 536 547 676 579; x_wconf 76' lang='lat' dir='ltr'>existunt</span> <span class='ocrx_word' id='word_1_35' title='bbox 695 552 726 578; x_wconf 88' lang='lat' dir='ltr'>et</span> <span class='ocrx_word' id='word_1_36' title='bbox 745 545 960 589; x_wconf 74' lang='lat' dir='ltr'>probabiliter</span> <span class='ocrx_word' id='word_1_37' title='bbox 974 543 1143 578; x_wconf 82' lang='lat' dir='ltr'>timeatur¹</span> 
     </span>
     <span class='ocr_line' id='line_1_11' title="bbox 405 598 1143 633; baseline -0.005 0"><span class='ocrx_word' id='word_1_38' title='bbox 405 611 445 633; x_wconf 86' lang='lat' dir='ltr'>ne</span> <span class='ocrx_word' id='word_1_39' title='bbox 469 600 624 633; x_wconf 86' lang='lat' dir='ltr'>maiorem</span> <span class='ocrx_word' id='word_1_40' title='bbox 658 599 689 631; x_wconf 92' lang='lat' dir='ltr'>in</span> <span class='ocrx_word' id='word_1_41' title='bbox 723 599 863 631; x_wconf 69' lang='lat' dir='ltr'>futurum</span> <span class='ocrx_word' id='word_1_42' title='bbox 894 598 1143 630; x_wconf 75' lang='lat' dir='ltr'>diminutionem</span> 
     </span>
    </p>
   </div>
   <div class='ocr_carea' id='block_1_4' title="bbox 404 652 1919 856">
    <p class='ocr_par' dir='ltr' id='par_1_4' title="bbox 404 652 1919 856">
     <span class='ocr_line' id='line_1_12' title="bbox 405 652 1166 696; baseline -0.004 -11"><span class='ocrx_word' id='word_1_43' title='bbox 405 653 575 696; x_wconf 82' lang='lat' dir='ltr'>patiantur,</span> <span class='ocrx_word' id='word_1_44' title='bbox 592 653 622 684; x_wconf 88' lang='lat' dir='ltr'>in</span> <span class='ocrx_word' id='word_1_45' title='bbox 642 652 725 684; x_wconf 76' lang='lat' dir='ltr'>dicta</span> <span class='ocrx_word' id='word_1_46' title='bbox 742 663 816 685; x_wconf 87' lang='lat' dir='ltr'>vero</span> <span class='ocrx_word' id='word_1_47' title='bbox 834 652 959 684; x_wconf 78' lang='lat' dir='ltr'>civitate</span> <span class='ocrx_word' id='word_1_48' title='bbox 981 652 1144 693; x_wconf 50' lang='lat' dir='ltr'>Raguatua</span> <span class='ocrx_word' id='word_1_49' title='bbox 1165 691 1166 694; x_wconf 11' lang='grc' dir='ltr'><strong>Ἴ</strong></span> 
     </span>
     <span class='ocr_line' id='line_1_13' title="bbox 404 701 1166 748; baseline -0.003 -11"><span class='ocrx_word' id='word_1_50' title='bbox 404 706 527 738; x_wconf 80' lang='lat' dir='ltr'>utiliter</span> <span class='ocrx_word' id='word_1_51' title='bbox 545 705 688 748; x_wconf 86' lang='lat' dir='ltr'>impendi</span> <span class='ocrx_word' id='word_1_52' title='bbox 702 705 830 748; x_wconf 85' lang='lat' dir='ltr'>possint</span> <span class='ocrx_word' id='word_1_53' title='bbox 847 705 933 737; x_wconf 85' lang='lat' dir='ltr'>dicta</span> <span class='ocrx_word' id='word_1_54' title='bbox 948 704 1097 747; x_wconf 80' lang='lat' dir='ltr'>capitalia</span> <span class='ocrx_word' id='word_1_55' title='bbox 1112 705 1142 736; x_wconf 89' lang='lat' dir='ltr'>in</span> <span class='ocrx_word' id='word_1_56' title='bbox 1164 701 1166 742; x_wconf 68' lang='grc' dir='ltr'><em>ζ</em></span> 
     </span>
     <span class='ocr_line' id='line_1_14' title="bbox 404 757 1165 800; baseline -0.001 -11"><span class='ocrx_word' id='word_1_57' title='bbox 404 758 682 791; x_wconf 76' lang='lat' dir='ltr'>constructionem</span> <span class='ocrx_word' id='word_1_58' title='bbox 700 758 886 790; x_wconf 83' lang='lat' dir='ltr'>domorum:</span> <span class='ocrx_word' id='word_1_59' title='bbox 905 757 965 800; x_wconf 83' lang='lat' dir='ltr'>ipsi</span> <span class='ocrx_word' id='word_1_60' title='bbox 983 768 1143 800; x_wconf 63' lang='lat' dir='ltr'>exponen·</span> <span class='ocrx_word' id='word_1_61' title='bbox 1164 762 1165 780; x_wconf 71' lang='lat'>³</span> 
     </span>
     <span class='ocr_line' id='line_1_15' title="bbox 1164 810 1919 856; baseline 0.007 -17"><span class='ocrx_word' id='word_1_62' title='bbox 1164 834 1165 839; x_wconf 71' lang='grc'>,</span> <span class='ocrx_word' id='word_1_63' title='bbox 1186 810 1393 852; x_wconf 80' lang='lat' dir='ltr'>potltecandi‚</span> <span class='ocrx_word' id='word_1_64' title='bbox 1421 821 1546 843; x_wconf 86' lang='lat' dir='ltr'>necnon</span> <span class='ocrx_word' id='word_1_65' title='bbox 1572 811 1724 854; x_wconf 81' lang='lat' dir='ltr'>pecunias</span> <span class='ocrx_word' id='word_1_66' title='bbox 1749 811 1824 844; x_wconf 84' lang='lat' dir='ltr'>inde</span> <span class='ocrx_word' id='word_1_67' title='bbox 1850 823 1919 856; x_wconf 86' lang='lat' dir='ltr'>pro-</span> 
     </span>
    </p>
   </div>
   <div class='ocr_carea' id='block_1_5' title="bbox 405 811 1143 854">
    <p class='ocr_par' dir='ltr' id='par_1_5' title="bbox 405 811 1143 854">
     <span class='ocr_line' id='line_1_16' title="bbox 405 811 1143 854; baseline -0.003 -11"><span class='ocrx_word' id='word_1_68' title='bbox 405 817 453 844; x_wconf 85' lang='lat' dir='ltr'>tes</span> <span class='ocrx_word' id='word_1_69' title='bbox 478 812 633 854; x_wconf 66' lang='lat' dir='ltr'>legitimis</span> <span class='ocrx_word' id='word_1_70' title='bbox 660 812 816 846; x_wconf 78' lang='lat' dir='ltr'>dictorum</span> <span class='ocrx_word' id='word_1_71' title='bbox 843 813 989 844; x_wconf 87' lang='lat' dir='ltr'>locorum</span> <span class='ocrx_word' id='word_1_72' title='bbox 1017 811 1143 854; x_wconf 84' lang='lat' dir='ltr'>piorum</span> 
     </span>
    </p>
   </div>
   <div class='ocr_carea' id='block_1_6' title="bbox 404 863 1165 1072">
    <p class='ocr_par' dir='ltr' id='par_1_6' title="bbox 404 863 1165 1072">
     <span class='ocr_line' id='line_1_17' title="bbox 405 863 1165 900; baseline -0.004 -2"><span class='ocrx_word' id='word_1_73' title='bbox 405 865 724 898; x_wconf 78' lang='lat' dir='ltr'>administratoribus</span> <span class='ocrx_word' id='word_1_74' title='bbox 771 864 934 897; x_wconf 88' lang='lat' dir='ltr'>licentiam</span> <span class='ocrx_word' id='word_1_75' title='bbox 982 863 1143 897; x_wconf 76' lang='lat' dir='ltr'>vendendi</span> <span class='ocrx_word' id='word_1_76' title='bbox 1164 897 1165 900; x_wconf 11' lang='grc' dir='ltr'><strong>Ἴ</strong></span> 
     </span>
     <span class='ocr_line' id='line_1_18' title="bbox 407 916 1165 961; baseline -0.005 -9"><span class='ocrx_word' id='word_1_77' title='bbox 407 919 521 952; x_wconf 84' lang='lat' dir='ltr'>eadem</span> <span class='ocrx_word' id='word_1_78' title='bbox 557 918 727 961; x_wconf 77' lang='lat' dir='ltr'>capitalia,</span> <span class='ocrx_word' id='word_1_79' title='bbox 769 929 824 950; x_wconf 90' lang='lat' dir='ltr'>seu</span> <span class='ocrx_word' id='word_1_80' title='bbox 861 928 970 950; x_wconf 90' lang='lat' dir='ltr'>eorum</span> <span class='ocrx_word' id='word_1_81' title='bbox 1004 916 1165 949; x_wconf 67' lang='lat' dir='ltr'>fructus‘³³</span> 
     </span>
     <span class='ocr_line' id='line_1_19' title="bbox 406 969 1164 1012; baseline -0.003 -9"><span class='ocrx_word' id='word_1_82' title='bbox 406 972 446 1003; x_wconf 85' lang='lat' dir='ltr'>ad</span> <span class='ocrx_word' id='word_1_83' title='bbox 470 971 567 1004; x_wconf 85' lang='lat' dir='ltr'>vitam</span> <span class='ocrx_word' id='word_1_84' title='bbox 593 972 643 1004; x_wconf 90' lang='lat' dir='ltr'>vel</span> <span class='ocrx_word' id='word_1_85' title='bbox 661 971 700 1003; x_wconf 82' lang='lat' dir='ltr'>ad</span> <span class='ocrx_word' id='word_1_86' title='bbox 719 971 803 1003; x_wconf 83' lang='lat' dir='ltr'>aliud</span> <span class='ocrx_word' id='word_1_87' title='bbox 830 976 956 1012; x_wconf 88' lang='lat' dir='ltr'>tempus</span> <span class='ocrx_word' id='word_1_88' title='bbox 981 969 1143 1002; x_wconf 86' lang='lat' dir='ltr'>mediante</span> <span class='ocrx_word' id='word_1_89' title='bbox 1163 977 1164 997; x_wconf 75' lang='lat'>1</span> 
     </span>
     <span class='ocr_line' id='line_1_20' title="bbox 404 1022 1164 1072; baseline -0.003 -16"><span class='ocrx_word' id='word_1_90' title='bbox 404 1024 523 1066; x_wconf 87' lang='lat' dir='ltr'>pretio,</span> <span class='ocrx_word' id='word_1_91' title='bbox 549 1030 647 1067; x_wconf 86' lang='lat' dir='ltr'>prout</span> <span class='ocrx_word' id='word_1_92' title='bbox 671 1023 773 1065; x_wconf 73' lang='lat' dir='ltr'>magis</span> <span class='ocrx_word' id='word_1_93' title='bbox 795 1022 945 1065; x_wconf 75' lang='lat' dir='ltr'>expedire</span> <span class='ocrx_word' id='word_1_94' title='bbox 972 1022 1141 1062; x_wconf 82' lang='lat' dir='ltr'>videbitur,</span> <span class='ocrx_word' id='word_1_95' title='bbox 1162 1065 1164 1072; x_wconf 23' lang='grc' dir='ltr'><em>Α</em></span> 
     </span>
    </p>
   </div>
   <div class='ocr_carea' id='block_1_7' title="bbox 399 1076 1143 2623">
    <p class='ocr_par' dir='ltr' id='par_1_7' title="bbox 401 1076 1143 1702">
     <span class='ocr_line' id='line_1_21' title="bbox 404 1076 1142 1120; baseline -0.003 -11"><span class='ocrx_word' id='word_1_96' title='bbox 404 1077 569 1119; x_wconf 78' lang='lat' dir='ltr'>obligandi</span> <span class='ocrx_word' id='word_1_97' title='bbox 596 1082 628 1109; x_wconf 89' lang='lat' dir='ltr'>et</span> <span class='ocrx_word' id='word_1_98' title='bbox 653 1076 903 1120; x_wconf 71' lang='lat' dir='ltr'>hypothecandi,</span> <span class='ocrx_word' id='word_1_99' title='bbox 922 1076 1142 1119; x_wconf 71' lang='lat' dir='ltr'>pecuniasque</span> 
     </span>
     <span class='ocr_line' id='line_1_22' title="bbox 403 1128 1142 1172; baseline -0.001 -11"><span class='ocrx_word' id='word_1_100' title='bbox 403 1130 478 1161; x_wconf 83' lang='lat' dir='ltr'>inde</span> <span class='ocrx_word' id='word_1_101' title='bbox 503 1135 713 1172; x_wconf 73' lang='lat' dir='ltr'>proventuras</span> <span class='ocrx_word' id='word_1_102' title='bbox 740 1129 771 1160; x_wconf 93' lang='lat' dir='ltr'>in</span> <span class='ocrx_word' id='word_1_103' title='bbox 794 1128 945 1160; x_wconf 77' lang='lat' dir='ltr'>fabricam</span> <span class='ocrx_word' id='word_1_104' title='bbox 971 1129 1142 1161; x_wconf 87' lang='lat' dir='ltr'>domorum</span> 
     </span>
     <span class='ocr_line' id='line_1_23' title="bbox 403 1181 1143 1225; baseline -0.001 -11"><span class='ocrx_word' id='word_1_105' title='bbox 403 1182 435 1214; x_wconf 87' lang='lat' dir='ltr'>in</span> <span class='ocrx_word' id='word_1_106' title='bbox 461 1182 606 1225; x_wconf 79' lang='lat' dir='ltr'>praefata</span> <span class='ocrx_word' id='word_1_107' title='bbox 626 1182 754 1214; x_wconf 85' lang='lat' dir='ltr'>civitate</span> <span class='ocrx_word' id='word_1_108' title='bbox 776 1181 938 1224; x_wconf 76' lang='lat' dir='ltr'>Ragusina</span> <span class='ocrx_word' id='word_1_109' title='bbox 955 1187 1143 1214; x_wconf 87' lang='lat' dir='ltr'>construen-</span> 
     </span>
     <span class='ocr_line' id='line_1_24' title="bbox 403 1235 1142 1278; baseline 0 -11"><span class='ocrx_word' id='word_1_110' title='bbox 403 1236 516 1268; x_wconf 80' lang='lat' dir='ltr'>darum</span> <span class='ocrx_word' id='word_1_111' title='bbox 541 1236 749 1269; x_wconf 81' lang='lat' dir='ltr'>convertendi</span> <span class='ocrx_word' id='word_1_112' title='bbox 769 1240 800 1267; x_wconf 88' lang='lat' dir='ltr'>et</span> <span class='ocrx_word' id='word_1_113' title='bbox 825 1236 980 1278; x_wconf 74' lang='lat' dir='ltr'>erogandi</span> <span class='ocrx_word' id='word_1_114' title='bbox 1006 1246 1024 1268; x_wconf 83' lang='lat' dir='ltr'>a</span> <span class='ocrx_word' id='word_1_115' title='bbox 1048 1235 1142 1268; x_wconf 89' lang='lat' dir='ltr'>nobis</span> 
     </span>
     <span class='ocr_line' id='line_1_25' title="bbox 402 1288 1140 1331; baseline 0.001 -12"><span class='ocrx_word' id='word_1_116' title='bbox 402 1288 548 1327; x_wconf 84' lang='lat' dir='ltr'>concedi,</span> <span class='ocrx_word' id='word_1_117' title='bbox 567 1299 602 1321; x_wconf 89' lang='lat' dir='ltr'>ac</span> <span class='ocrx_word' id='word_1_118' title='bbox 624 1299 724 1321; x_wconf 83' lang='lat' dir='ltr'>onera</span> <span class='ocrx_word' id='word_1_119' title='bbox 743 1288 804 1331; x_wconf 81' lang='lat' dir='ltr'>pia,</span> <span class='ocrx_word' id='word_1_120' title='bbox 827 1299 844 1321; x_wconf 90' lang='lat' dir='ltr'>a</span> <span class='ocrx_word' id='word_1_121' title='bbox 863 1288 1067 1321; x_wconf 70' lang='lat' dir='ltr'>testatoribus</span> <span class='ocrx_word' id='word_1_122' title='bbox 1084 1299 1140 1321; x_wconf 87' lang='lat' dir='ltr'>seu</span> 
     </span>
     <span class='ocr_line' id='line_1_26' title="bbox 402 1341 1141 1386; baseline 0.003 -13"><span class='ocrx_word' id='word_1_123' title='bbox 402 1341 464 1385; x_wconf 90' lang='lat' dir='ltr'>piis</span> <span class='ocrx_word' id='word_1_124' title='bbox 482 1342 690 1386; x_wconf 74' lang='lat' dir='ltr'>largitoribus</span> <span class='ocrx_word' id='word_1_125' title='bbox 708 1352 803 1385; x_wconf 87' lang='lat' dir='ltr'>super</span> <span class='ocrx_word' id='word_1_126' title='bbox 820 1342 1009 1385; x_wconf 82' lang='lat' dir='ltr'>capitalibus</span> <span class='ocrx_word' id='word_1_127' title='bbox 1032 1342 1141 1375; x_wconf 81' lang='lat' dir='ltr'>liuius-</span> 
     </span>
     <span class='ocr_line' id='line_1_27' title="bbox 402 1394 1138 1438; baseline 0.001 -12"><span class='ocrx_word' id='word_1_128' title='bbox 402 1394 488 1427; x_wconf 88' lang='lat' dir='ltr'>modi</span> <span class='ocrx_word' id='word_1_129' title='bbox 514 1394 665 1435; x_wconf 85' lang='lat' dir='ltr'>iniuncta,</span> <span class='ocrx_word' id='word_1_130' title='bbox 694 1395 723 1427; x_wconf 87' lang='lat' dir='ltr'>in</span> <span class='ocrx_word' id='word_1_131' title='bbox 751 1395 875 1435; x_wconf 78' lang='lat' dir='ltr'>domos,</span> <span class='ocrx_word' id='word_1_132' title='bbox 897 1401 932 1427; x_wconf 90' lang='lat' dir='ltr'>ut</span> <span class='ocrx_word' id='word_1_133' title='bbox 949 1395 1138 1438; x_wconf 82' lang='lat' dir='ltr'>praefertur,</span> 
     </span>
     <span class='ocr_line' id='line_1_28' title="bbox 402 1448 1140 1491; baseline 0.003 -12"><span class='ocrx_word' id='word_1_134' title='bbox 402 1449 637 1481; x_wconf 79' lang='lat' dir='ltr'>construendas</span> <span class='ocrx_word' id='word_1_135' title='bbox 663 1449 831 1481; x_wconf 79' lang='lat' dir='ltr'>transferri</span> <span class='ocrx_word' id='word_1_136' title='bbox 857 1448 1029 1491; x_wconf 87' lang='lat' dir='ltr'>plurimum</span> <span class='ocrx_word' id='word_1_137' title='bbox 1056 1449 1140 1481; x_wconf 85' lang='lat' dir='ltr'>desi-</span> 
     </span>
     <span class='ocr_line' id='line_1_29' title="bbox 402 1501 1139 1544; baseline 0.001 -11"><span class='ocrx_word' id='word_1_138' title='bbox 402 1501 528 1533; x_wconf 85' lang='lat' dir='ltr'>derant.</span> <span class='ocrx_word' id='word_1_139' title='bbox 556 1501 654 1533; x_wconf 83' lang='lat' dir='ltr'>Nobis</span> <span class='ocrx_word' id='word_1_140' title='bbox 681 1506 853 1544; x_wconf 80' lang='lat' dir='ltr'>propterea</span> <span class='ocrx_word' id='word_1_141' title='bbox 879 1501 1044 1534; x_wconf 88' lang='lat' dir='ltr'>humiliter</span> <span class='ocrx_word' id='word_1_142' title='bbox 1069 1513 1139 1544; x_wconf 87' lang='lat' dir='ltr'>sup-</span> 
     </span>
     <span class='ocr_line' id='line_1_30' title="bbox 402 1553 1139 1598; baseline 0.004 -13"><span class='ocrx_word' id='word_1_143' title='bbox 402 1553 516 1596; x_wconf 87' lang='lat' dir='ltr'>plicari</span> <span class='ocrx_word' id='word_1_144' title='bbox 542 1554 690 1586; x_wconf 87' lang='lat' dir='ltr'>fecerunt</span> <span class='ocrx_word' id='word_1_145' title='bbox 707 1559 742 1586; x_wconf 88' lang='lat' dir='ltr'>ut</span> <span class='ocrx_word' id='word_1_146' title='bbox 762 1554 793 1586; x_wconf 87' lang='lat' dir='ltr'>in</span> <span class='ocrx_word' id='word_1_147' title='bbox 815 1555 1001 1597; x_wconf 73' lang='lat' dir='ltr'>praemissis</span> <span class='ocrx_word' id='word_1_148' title='bbox 1026 1566 1139 1598; x_wconf 88' lang='lat' dir='ltr'>oppor-</span> 
     </span>
     <span class='ocr_line' id='line_1_31' title="bbox 403 1607 1138 1650; baseline 0.004 -12"><span class='ocrx_word' id='word_1_149' title='bbox 403 1611 479 1639; x_wconf 87' lang='lat' dir='ltr'>tune</span> <span class='ocrx_word' id='word_1_150' title='bbox 504 1607 673 1649; x_wconf 74' lang='lat' dir='ltr'>providere</span> <span class='ocrx_word' id='word_1_151' title='bbox 692 1612 723 1639; x_wconf 84' lang='lat' dir='ltr'>et</span> <span class='ocrx_word' id='word_1_152' title='bbox 746 1612 780 1639; x_wconf 88' lang='lat' dir='ltr'>ut</span> <span class='ocrx_word' id='word_1_153' title='bbox 805 1607 886 1639; x_wconf 88' lang='lat' dir='ltr'>infra</span> <span class='ocrx_word' id='word_1_154' title='bbox 913 1608 1080 1650; x_wconf 78' lang='lat' dir='ltr'>indulgere</span> <span class='ocrx_word' id='word_1_155' title='bbox 1101 1609 1138 1641; x_wconf 88' lang='lat' dir='ltr'>de</span> 
     </span>
     <span class='ocr_line' id='line_1_32' title="bbox 401 1658 1048 1702; baseline 0.003 -12"><span class='ocrx_word' id='word_1_156' title='bbox 401 1658 601 1701; x_wconf 73' lang='lat' dir='ltr'>benignitate</span> <span class='ocrx_word' id='word_1_157' title='bbox 627 1659 805 1702; x_wconf 75' lang='lat' dir='ltr'>apostolica</span> <span class='ocrx_word' id='word_1_158' title='bbox 830 1659 1048 1702; x_wconf 71' lang='lat' dir='ltr'>dignaremur.</span> 
     </span>
    </p>

    <p class='ocr_par' dir='ltr' id='par_1_8' title="bbox 399 1711 1140 2548">
     <span class='ocr_line' id='line_1_33' title="bbox 445 1711 1140 1757; baseline 0.004 -13"><span class='ocrx_word' id='word_1_159' title='bbox 445 1713 459 1755; x_wconf 63' lang='grc' dir='ltr'>ἓ</span> <span class='ocrx_word' id='word_1_160' title='bbox 477 1711 507 1744; x_wconf 70' lang='lat'>⁶2.</span> <span class='ocrx_word' id='word_1_161' title='bbox 526 1711 590 1745; x_wconf 86' lang='lat' dir='ltr'>Nos</span> <span class='ocrx_word' id='word_1_162' title='bbox 610 1712 717 1755; x_wconf 81' lang='lat' dir='ltr'>igitur,</span> <span class='ocrx_word' id='word_1_163' title='bbox 734 1713 835 1745; x_wconf 79' lang='lat' dir='ltr'>dictos</span> <span class='ocrx_word' id='word_1_164' title='bbox 851 1720 1051 1756; x_wconf 80' lang='lat' dir='ltr'>exponentes</span> <span class='ocrx_word' id='word_1_165' title='bbox 1070 1725 1140 1757; x_wconf 69' lang='lat' dir='ltr'>spc-</span> 
     </span>
     <span class='ocr_line' id='line_1_34' title="bbox 401 1764 1138 1809; baseline 0.003 -13"><span class='ocrx_word' id='word_1_166' title='bbox 401 1764 537 1797; x_wconf 77' lang='lat' dir='ltr'>cialibus</span> <span class='ocrx_word' id='word_1_167' title='bbox 574 1765 735 1798; x_wconf 82' lang='lat' dir='ltr'>favoribus</span> <span class='ocrx_word' id='word_1_168' title='bbox 773 1771 804 1797; x_wconf 87' lang='lat' dir='ltr'>et</span> <span class='ocrx_word' id='word_1_169' title='bbox 837 1765 947 1807; x_wconf 68' lang='lat' dir='ltr'>gratiis</span> <span class='ocrx_word' id='word_1_170' title='bbox 982 1767 1138 1809; x_wconf 78' lang='lat' dir='ltr'>prosequi</span> 
     </span>
     <span class='ocr_line' id='line_1_35' title="bbox 401 1818 1138 1862; baseline 0.003 -13"><span class='ocrx_word' id='word_1_171' title='bbox 401 1819 556 1858; x_wconf 75' lang='lat' dir='ltr'>volentes,</span> <span class='ocrx_word' id='word_1_172' title='bbox 585 1823 616 1850; x_wconf 85' lang='lat' dir='ltr'>et</span> <span class='ocrx_word' id='word_1_173' title='bbox 641 1828 753 1851; x_wconf 87' lang='lat' dir='ltr'>eorum</span> <span class='ocrx_word' id='word_1_174' title='bbox 779 1818 960 1861; x_wconf 65' lang='lat' dir='ltr'>singulares</span> <span class='ocrx_word' id='word_1_175' title='bbox 984 1830 1138 1862; x_wconf 84' lang='lat' dir='ltr'>personas</span> 
     </span>
     <span class='ocr_line' id='line_1_36' title="bbox 400 1870 1138 1914; baseline 0.003 -13"><span class='ocrx_word' id='word_1_176' title='bbox 400 1881 416 1901; x_wconf 90' lang='lat' dir='ltr'>a</span> <span class='ocrx_word' id='word_1_177' title='bbox 443 1870 604 1912; x_wconf 82' lang='lat' dir='ltr'>quibusvis</span> <span class='ocrx_word' id='word_1_178' title='bbox 629 1871 979 1911; x_wconf 68' lang='lat' dir='ltr'>excommunicationis,</span> <span class='ocrx_word' id='word_1_179' title='bbox 1005 1882 1138 1914; x_wconf 82' lang='lat' dir='ltr'>suspen-</span> 
     </span>
     <span class='ocr_line' id='line_1_37' title="bbox 400 1923 1138 1968; baseline 0.004 -14"><span class='ocrx_word' id='word_1_180' title='bbox 400 1923 500 1955; x_wconf 83' lang='lat' dir='ltr'>sionis</span> <span class='ocrx_word' id='word_1_181' title='bbox 519 1929 550 1956; x_wconf 92' lang='lat' dir='ltr'>et</span> <span class='ocrx_word' id='word_1_182' title='bbox 566 1924 738 1965; x_wconf 73' lang='lat' dir='ltr'>interdicti,</span> <span class='ocrx_word' id='word_1_183' title='bbox 759 1925 892 1968; x_wconf 78' lang='lat' dir='ltr'>aliisque</span> <span class='ocrx_word' id='word_1_184' title='bbox 914 1924 1138 1957; x_wconf 84' lang='lat' dir='ltr'>ecclesiasticis</span> 
     </span>
     <span class='ocr_line' id='line_1_38' title="bbox 399 1976 1137 2020; baseline 0.004 -13"><span class='ocrx_word' id='word_1_185' title='bbox 399 1976 586 2015; x_wconf 79' lang='lat' dir='ltr'>sententiis,</span> <span class='ocrx_word' id='word_1_186' title='bbox 613 1978 757 2010; x_wconf 78' lang='lat' dir='ltr'>censuris</span> <span class='ocrx_word' id='word_1_187' title='bbox 793 1983 823 2010; x_wconf 90' lang='lat' dir='ltr'>et</span> <span class='ocrx_word' id='word_1_188' title='bbox 854 1978 969 2020; x_wconf 91' lang='lat' dir='ltr'>poenis</span> <span class='ocrx_word' id='word_1_189' title='bbox 987 2005 994 2018; x_wconf 88' lang='lat'>‚</span> <span class='ocrx_word' id='word_1_190' title='bbox 1022 1989 1038 2010; x_wconf 89' lang='lat' dir='ltr'>a</span> <span class='ocrx_word' id='word_1_191' title='bbox 1069 1978 1137 2011; x_wconf 88' lang='lat' dir='ltr'>iure</span> 
     </span>
     <span class='ocr_line' id='line_1_39' title="bbox 399 2030 1137 2073; baseline 0.004 -12"><span class='ocrx_word' id='word_1_192' title='bbox 399 2030 447 2061; x_wconf 67' lang='lat' dir='ltr'>vel</span> <span class='ocrx_word' id='word_1_193' title='bbox 479 2030 517 2062; x_wconf 88' lang='lat' dir='ltr'>ab</span> <span class='ocrx_word' id='word_1_194' title='bbox 551 2031 705 2071; x_wconf 79' lang='lat' dir='ltr'>homine,</span> <span class='ocrx_word' id='word_1_195' title='bbox 739 2031 847 2073; x_wconf 86' lang='lat' dir='ltr'>quavis</span> <span class='ocrx_word' id='word_1_196' title='bbox 884 2031 1053 2064; x_wconf 82' lang='lat' dir='ltr'>occasione</span> <span class='ocrx_word' id='word_1_197' title='bbox 1086 2033 1137 2064; x_wconf 78' lang='lat' dir='ltr'>vel</span> 
     </span>
     <span class='ocr_line' id='line_1_40' title="bbox 401 2083 1137 2126; baseline 0.005 -13"><span class='ocrx_word' id='word_1_198' title='bbox 401 2085 494 2115; x_wconf 78' lang='lat' dir='ltr'>rausa</span> <span class='ocrx_word' id='word_1_199' title='bbox 514 2083 598 2123; x_wconf 84' lang='lat' dir='ltr'>latis,</span> <span class='ocrx_word' id='word_1_200' title='bbox 623 2083 648 2115; x_wconf 89' lang='lat' dir='ltr'>si</span> <span class='ocrx_word' id='word_1_201' title='bbox 678 2083 794 2126; x_wconf 84' lang='lat' dir='ltr'>quibus</span> <span class='ocrx_word' id='word_1_202' title='bbox 818 2084 1068 2126; x_wconf 81' lang='lat' dir='ltr'>quomodolibet</span> <span class='ocrx_word' id='word_1_203' title='bbox 1095 2085 1137 2116; x_wconf 91' lang='lat' dir='ltr'>in-</span> 
     </span>
     <span class='ocr_line' id='line_1_41' title="bbox 402 2136 1138 2180; baseline 0.004 -14"><span class='ocrx_word' id='word_1_204' title='bbox 402 2136 537 2168; x_wconf 82' lang='lat' dir='ltr'>nodatae</span> <span class='ocrx_word' id='word_1_205' title='bbox 568 2136 716 2176; x_wconf 71' lang='lat' dir='ltr'>existunt,</span> <span class='ocrx_word' id='word_1_206' title='bbox 736 2137 774 2169; x_wconf 84' lang='lat' dir='ltr'>ad</span> <span class='ocrx_word' id='word_1_207' title='bbox 808 2136 956 2169; x_wconf 85' lang='lat' dir='ltr'>elfectum</span> <span class='ocrx_word' id='word_1_208' title='bbox 984 2148 1138 2180; x_wconf 87' lang='lat' dir='ltr'>praescn-</span> 
     </span>
     <span class='ocr_line' id='line_1_42' title="bbox 402 2189 1138 2233; baseline 0.004 -14"><span class='ocrx_word' id='word_1_209' title='bbox 402 2189 480 2221; x_wconf 87' lang='lat' dir='ltr'>tium</span> <span class='ocrx_word' id='word_1_210' title='bbox 515 2190 676 2222; x_wconf 81' lang='lat' dir='ltr'>dumtaxat</span> <span class='ocrx_word' id='word_1_211' title='bbox 708 2191 995 2233; x_wconf 78' lang='lat' dir='ltr'>consequendum,</span> <span class='ocrx_word' id='word_1_212' title='bbox 1023 2191 1138 2223; x_wconf 86' lang='lat' dir='ltr'>harum</span> 
     </span>
     <span class='ocr_line' id='line_1_43' title="bbox 402 2242 1138 2276; baseline 0.004 -3"><span class='ocrx_word' id='word_1_213' title='bbox 402 2242 482 2273; x_wconf 56' lang='lat' dir='ltr'>serie</span> <span class='ocrx_word' id='word_1_214' title='bbox 501 2243 702 2275; x_wconf 67' lang='lat' dir='ltr'>absolventes</span> <span class='ocrx_word' id='word_1_215' title='bbox 728 2249 756 2276; x_wconf 92' lang='lat' dir='ltr'>et</span> <span class='ocrx_word' id='word_1_216' title='bbox 783 2244 946 2276; x_wconf 84' lang='lat' dir='ltr'>absolutas</span> <span class='ocrx_word' id='word_1_217' title='bbox 973 2244 1039 2276; x_wconf 86' lang='lat' dir='ltr'>fore</span> <span class='ocrx_word' id='word_1_218' title='bbox 1065 2254 1138 2276; x_wconf 87' lang='lat' dir='ltr'>cen-</span> 
     </span>
     <span class='ocr_line' id='line_1_44' title="bbox 401 2296 1139 2340; baseline 0.005 -15"><span class='ocrx_word' id='word_1_219' title='bbox 401 2301 516 2335; x_wconf 79' lang='lat' dir='ltr'>sentes,</span> <span class='ocrx_word' id='word_1_220' title='bbox 533 2296 715 2329; x_wconf 81' lang='lat' dir='ltr'>huiusmodi</span> <span class='ocrx_word' id='word_1_221' title='bbox 733 2296 1022 2340; x_wconf 19' lang='lat' dir='ltr'>stetlitplicationibus</span> <span class='ocrx_word' id='word_1_222' title='bbox 1046 2297 1139 2330; x_wconf 90' lang='lat' dir='ltr'>incli—</span> 
     </span>
     <span class='ocr_line' id='line_1_45' title="bbox 402 2348 1138 2387; baseline 0.007 -9"><span class='ocrx_word' id='word_1_223' title='bbox 402 2348 476 2387; x_wconf 85' lang='lat' dir='ltr'>nati,</span> <span class='ocrx_word' id='word_1_224' title='bbox 494 2349 531 2380; x_wconf 80' lang='lat' dir='ltr'>‹le</span> <span class='ocrx_word' id='word_1_225' title='bbox 549 2350 781 2382; x_wconf 77' lang='lat' dir='ltr'>venerabilium</span> <span class='ocrx_word' id='word_1_226' title='bbox 796 2350 928 2382; x_wconf 78' lang='lat' dir='ltr'>fratrum</span> <span class='ocrx_word' id='word_1_227' title='bbox 953 2356 1138 2383; x_wconf 87' lang='lat' dir='ltr'>nostrorum</span> 
     </span>
     <span class='ocr_line' id='line_1_46' title="bbox 402 2400 1139 2436; baseline 0.005 -4"><span class='ocrx_word' id='word_1_228' title='bbox 402 2401 432 2432; x_wconf 68' lang='lat' dir='ltr'>S.</span> <span class='ocrx_word' id='word_1_229' title='bbox 454 2400 490 2432; x_wconf 79' lang='lat' dir='ltr'>P..</span> <span class='ocrx_word' id='word_1_230' title='bbox 508 2401 542 2433; x_wconf 81' lang='lat' dir='ltr'>E.</span> <span class='ocrx_word' id='word_1_231' title='bbox 563 2402 775 2435; x_wconf 70' lang='lat' dir='ltr'>cardinalium</span> <span class='ocrx_word' id='word_1_232' title='bbox 801 2403 933 2436; x_wconf 85' lang='lat' dir='ltr'>Concilii</span> <span class='ocrx_word' id='word_1_233' title='bbox 958 2404 1139 2436; x_wconf 86' lang='lat' dir='ltr'>Tridentini</span> 
     </span>
     <span class='ocr_line' id='line_1_47' title="bbox 403 2456 1138 2496; baseline 0.007 -12"><span class='ocrx_word' id='word_1_234' title='bbox 403 2458 616 2496; x_wconf 78' lang='lat' dir='ltr'>interpretum</span> <span class='ocrx_word' id='word_1_235' title='bbox 648 2456 802 2495; x_wconf 84' lang='lat' dir='ltr'>consilio,</span> <span class='ocrx_word' id='word_1_236' title='bbox 837 2456 1028 2489; x_wconf 82' lang='lat' dir='ltr'>fraternitati</span> <span class='ocrx_word' id='word_1_237' title='bbox 1066 2461 1138 2489; x_wconf 81' lang='lat' dir='ltr'>tuae</span> 
     </span>
     <span class='ocr_line' id='line_1_48' title="bbox 403 2508 1139 2548; baseline 0.005 -11"><span class='ocrx_word' id='word_1_238' title='bbox 403 2517 462 2548; x_wconf 83' lang='lat' dir='ltr'>per</span> <span class='ocrx_word' id='word_1_239' title='bbox 493 2512 677 2548; x_wconf 73' lang='lat' dir='ltr'>praesentes</span> <span class='ocrx_word' id='word_1_240' title='bbox 704 2508 930 2541; x_wconf 79' lang='lat' dir='ltr'>committimus</span> <span class='ocrx_word' id='word_1_241' title='bbox 953 2515 985 2542; x_wconf 89' lang='lat' dir='ltr'>et</span> <span class='ocrx_word' id='word_1_242' title='bbox 1008 2510 1139 2541; x_wconf 83' lang='lat' dir='ltr'>manda-</span> 
     </span>
    </p>

    <p class='ocr_par' dir='ltr' id='par_1_9' title="bbox 441 2586 1115 2623">
     <span class='ocr_line' id='line_1_49' title="bbox 441 2586 1115 2623; baseline 0.004 -12"><span class='ocrx_word' id='word_1_243' title='bbox 441 2587 449 2611; x_wconf 84' lang='lat'>1</span> <span class='ocrx_word' id='word_1_244' title='bbox 475 2586 571 2620; x_wconf 83' lang='lat' dir='ltr'>Aptius</span> <span class='ocrx_word' id='word_1_245' title='bbox 587 2586 644 2620; x_wconf 82' lang='lat' dir='ltr'>lege</span> <span class='ocrx_word' id='word_1_246' title='bbox 661 2587 779 2614; x_wconf 73' lang='lat' dir='ltr'>lz&#39;nzclm·</span> <span class='ocrx_word' id='word_1_247' title='bbox 795 2596 841 2622; x_wconf 89' lang='lat' dir='ltr'>pro</span> <span class='ocrx_word' id='word_1_248' title='bbox 859 2589 998 2616; x_wconf 65' lang='lat' dir='ltr'>timeatur</span> <span class='ocrx_word' id='word_1_249' title='bbox 1015 2591 1050 2623; x_wconf 75' lang='lat' dir='ltr'>(n.</span> <span class='ocrx_word' id='word_1_250' title='bbox 1067 2590 1115 2621; x_wconf 85' lang='lat' dir='ltr'>T.).</span> 
     </span>
    </p>
   </div>
   <div class='ocr_carea' id='block_1_8' title="bbox 403 2631 1139 2709">
    <p class='ocr_par' dir='ltr' id='par_1_10' title="bbox 403 2631 1139 2709">
     <span class='ocr_line' id='line_1_50' title="bbox 439 2631 1139 2667; baseline 0.003 -11"><span class='ocrx_word' id='word_1_251' title='bbox 439 2631 455 2656; x_wconf 69' lang='lat'>‘2</span> <span class='ocrx_word' id='word_1_252' title='bbox 481 2631 575 2665; x_wconf 79' lang='lat' dir='ltr'>Aptius</span> <span class='ocrx_word' id='word_1_253' title='bbox 600 2631 658 2665; x_wconf 78' lang='lat' dir='ltr'>lege</span> <span class='ocrx_word' id='word_1_254' title='bbox 684 2635 712 2657; x_wconf 87' lang='lat' dir='ltr'>ut</span> <span class='ocrx_word' id='word_1_255' title='bbox 736 2631 805 2658; x_wconf 83' lang='lat' dir='ltr'>infra</span> <span class='ocrx_word' id='word_1_256' title='bbox 828 2642 876 2658; x_wconf 76' lang='lat' dir='ltr'>seu</span> <span class='ocrx_word' id='word_1_257' title='bbox 904 2633 954 2659; x_wconf 74' lang='lat' dir='ltr'>illa</span> <span class='ocrx_word' id='word_1_258' title='bbox 983 2641 1139 2667; x_wconf 70' lang='lat' dir='ltr'>corumque</span> 
     </span>
     <span class='ocr_line' id='line_1_51' title="bbox 403 2676 628 2709; baseline -0.009 -7"><span class='ocrx_word' id='word_1_259' title='bbox 403 2676 515 2709; x_wconf 68' lang='lat' dir='ltr'>l&#39;rucltcs</span> <span class='ocrx_word' id='word_1_260' title='bbox 530 2678 567 2709; x_wconf 68' lang='lat' dir='ltr'>(a.</span> <span class='ocrx_word' id='word_1_261' title='bbox 580 2678 628 2709; x_wconf 57' lang='grc' dir='ltr'>Γ).</span> 
     </span>
    </p>
   </div>
   <div class='ocr_carea' id='block_1_9' title="bbox 1158 347 1168 2428">
    <p class='ocr_par' dir='ltr' id='par_1_11' title="bbox 1158 347 1168 2428">
     <span class='ocr_line' id='line_1_52' title="bbox 1158 347 1168 2428; baseline 0 0"><span class='ocrx_word' id='word_1_262' title='bbox 1158 347 1168 2428; x_wconf 95' lang='lat' dir='ltr'> </span> 
     </span>
    </p>
   </div>
   <div class='ocr_carea' id='block_1_10' title="bbox 989 282 1926 378">
    <p class='ocr_par' dir='ltr' id='par_1_12' title="bbox 989 282 1926 378">
     <span class='ocr_line' id='line_1_53' title="bbox 989 282 1411 315; baseline -0.005 -7"><span class='ocrx_word' id='word_1_263' title='bbox 989 283 1170 308; x_wconf 62' lang='grc' dir='ltr'>Μ’ῐ,ῐ,,κῐιῐ[’)ῐ</span> <span class='ocrx_word' id='word_1_264' title='bbox 1194 282 1345 307; x_wconf 56' lang='grc' dir='ltr'>ΠΟΜᾸΝΕΜ</span> <span class='ocrx_word' id='word_1_265' title='bbox 1409 313 1411 315; x_wconf 15' lang='lat' dir='ltr'>q</span> 
     </span>
     <span class='ocr_line' id='line_1_54' title="bbox 1165 331 1926 378; baseline 0.005 -15"><span class='ocrx_word' id='word_1_266' title='bbox 1165 336 1167 346; x_wconf 78' lang='grc'><em>’</em></span> <span class='ocrx_word' id='word_1_267' title='bbox 1188 341 1267 371; x_wconf 52' lang='lat' dir='ltr'>mus</span> <span class='ocrx_word' id='word_1_268' title='bbox 1286 336 1328 371; x_wconf 74' lang='lat' dir='ltr'>ut,</span> <span class='ocrx_word' id='word_1_269' title='bbox 1348 331 1433 364; x_wconf 90' lang='lat' dir='ltr'>veris</span> <span class='ocrx_word' id='word_1_270' title='bbox 1452 331 1662 366; x_wconf 76' lang='lat' dir='ltr'>existentibus</span> <span class='ocrx_word' id='word_1_271' title='bbox 1680 334 1825 375; x_wconf 81' lang='lat' dir='ltr'>narratis,</span> <span class='ocrx_word' id='word_1_272' title='bbox 1845 334 1926 378; x_wconf 72' lang='lat' dir='ltr'>legi-</span> 
     </span>
    </p>
   </div>
   <div class='ocr_carea' id='block_1_11' title="bbox 1188 384 1924 431">
    <p class='ocr_par' dir='ltr' id='par_1_13' title="bbox 1188 384 1924 431">
     <span class='ocr_line' id='line_1_55' title="bbox 1188 384 1924 431; baseline 0.008 -16"><span class='ocrx_word' id='word_1_273' title='bbox 1188 384 1272 416; x_wconf 89' lang='lat' dir='ltr'>timis</span> <span class='ocrx_word' id='word_1_274' title='bbox 1306 385 1523 427; x_wconf 87' lang='lat' dir='ltr'>praefatorum</span> <span class='ocrx_word' id='word_1_275' title='bbox 1547 387 1691 420; x_wconf 87' lang='lat' dir='ltr'>locorum</span> <span class='ocrx_word' id='word_1_276' title='bbox 1717 388 1844 431; x_wconf 90' lang='lat' dir='ltr'>piorum</span> <span class='ocrx_word' id='word_1_277' title='bbox 1870 389 1924 421; x_wconf 83' lang='lat' dir='ltr'>ad—</span> 
     </span>
    </p>
   </div>
   <div class='ocr_carea' id='block_1_12' title="bbox 1164 433 1922 483">
    <p class='ocr_par' dir='ltr' id='par_1_14' title="bbox 1164 433 1922 483">
     <span class='ocr_line' id='line_1_56' title="bbox 1164 433 1922 483; baseline 0.007 -15"><span class='ocrx_word' id='word_1_278' title='bbox 1164 433 1457 470; x_wconf 62' lang='lat' dir='ltr'>&#39;mimsn‘atoribus</span> <span class='ocrx_word' id='word_1_279' title='bbox 1493 445 1668 472; x_wconf 85' lang='lat' dir='ltr'>memorata</span> <span class='ocrx_word' id='word_1_280' title='bbox 1700 440 1849 483; x_wconf 86' lang='lat' dir='ltr'>capitalia</span> <span class='ocrx_word' id='word_1_281' title='bbox 1874 442 1922 473; x_wconf 87' lang='lat' dir='ltr'>iu·</span> 
     </span>
    </p>
   </div>
   <div class='ocr_carea' id='block_1_13' title="bbox 1186 490 1923 803">
    <p class='ocr_par' dir='ltr' id='par_1_15' title="bbox 1186 490 1923 803">
     <span class='ocr_line' id='line_1_57' title="bbox 1188 490 1922 537; baseline 0.01 -17"><span class='ocrx_word' id='word_1_282' title='bbox 1188 490 1245 522; x_wconf 78' lang='lat' dir='ltr'>stis</span> <span class='ocrx_word' id='word_1_283' title='bbox 1276 491 1452 533; x_wconf 76' lang='lat' dir='ltr'>respective</span> <span class='ocrx_word' id='word_1_284' title='bbox 1486 492 1614 534; x_wconf 87' lang='lat' dir='ltr'>pretiis,</span> <span class='ocrx_word' id='word_1_285' title='bbox 1642 503 1677 525; x_wconf 87' lang='lat' dir='ltr'>ac</span> <span class='ocrx_word' id='word_1_286' title='bbox 1709 493 1835 526; x_wconf 89' lang='lat' dir='ltr'>meliori</span> <span class='ocrx_word' id='word_1_287' title='bbox 1861 505 1922 537; x_wconf 84' lang='lat' dir='ltr'>qua</span> 
     </span>
     <span class='ocr_line' id='line_1_58' title="bbox 1187 543 1923 589; baseline 0.005 -14"><span class='ocrx_word' id='word_1_288' title='bbox 1187 543 1254 575; x_wconf 76' lang='lat' dir='ltr'>steri</span> <span class='ocrx_word' id='word_1_289' title='bbox 1288 544 1407 586; x_wconf 84' lang='lat' dir='ltr'>poterit</span> <span class='ocrx_word' id='word_1_290' title='bbox 1440 545 1643 586; x_wconf 84' lang='lat' dir='ltr'>conditione,</span> <span class='ocrx_word' id='word_1_291' title='bbox 1671 546 1702 577; x_wconf 88' lang='lat' dir='ltr'>in</span> <span class='ocrx_word' id='word_1_292' title='bbox 1730 552 1923 589; x_wconf 84' lang='lat' dir='ltr'>perpetuum</span> 
     </span>
     <span class='ocr_line' id='line_1_59' title="bbox 1187 597 1923 640; baseline 0.005 -12"><span class='ocrx_word' id='word_1_293' title='bbox 1187 597 1251 629; x_wconf 70' lang='lat' dir='ltr'>sive</span> <span class='ocrx_word' id='word_1_294' title='bbox 1273 597 1311 629; x_wconf 87' lang='lat' dir='ltr'>ad</span> <span class='ocrx_word' id='word_1_295' title='bbox 1331 602 1513 640; x_wconf 86' lang='lat' dir='ltr'>emptorum</span> <span class='ocrx_word' id='word_1_296' title='bbox 1531 598 1626 632; x_wconf 69' lang='lat' dir='ltr'>vitam</span> <span class='ocrx_word' id='word_1_297' title='bbox 1655 604 1707 631; x_wconf 84' lang='lat' dir='ltr'>aut</span> <span class='ocrx_word' id='word_1_298' title='bbox 1731 600 1818 632; x_wconf 82' lang='lat' dir='ltr'>aliud</span> <span class='ocrx_word' id='word_1_299' title='bbox 1844 605 1923 632; x_wconf 88' lang='lat' dir='ltr'>tem-</span> 
     </span>
     <span class='ocr_line' id='line_1_60' title="bbox 1186 651 1922 694; baseline 0.007 -13"><span class='ocrx_word' id='word_1_300' title='bbox 1186 660 1245 692; x_wconf 90' lang='lat' dir='ltr'>pus</span> <span class='ocrx_word' id='word_1_301' title='bbox 1279 657 1373 693; x_wconf 86' lang='lat' dir='ltr'>prout</span> <span class='ocrx_word' id='word_1_302' title='bbox 1407 651 1508 693; x_wconf 68' lang='lat' dir='ltr'>magis</span> <span class='ocrx_word' id='word_1_303' title='bbox 1540 652 1692 694; x_wconf 77' lang='lat' dir='ltr'>expedire</span> <span class='ocrx_word' id='word_1_304' title='bbox 1724 653 1756 685; x_wconf 91' lang='lat' dir='ltr'>in</span> <span class='ocrx_word' id='word_1_305' title='bbox 1788 653 1922 686; x_wconf 89' lang='lat' dir='ltr'>Domino</span> 
     </span>
     <span class='ocr_line' id='line_1_61' title="bbox 1187 702 1923 747; baseline 0.008 -14"><span class='ocrx_word' id='word_1_306' title='bbox 1187 702 1426 743; x_wconf 66' lang='lat' dir='ltr'>existimaveris,</span> <span class='ocrx_word' id='word_1_307' title='bbox 1450 705 1610 738; x_wconf 85' lang='lat' dir='ltr'>vendendi</span> <span class='ocrx_word' id='word_1_308' title='bbox 1629 710 1661 737; x_wconf 89' lang='lat' dir='ltr'>et</span> <span class='ocrx_word' id='word_1_309' title='bbox 1676 706 1850 747; x_wconf 83' lang='lat' dir='ltr'>alienandi,</span> <span class='ocrx_word' id='word_1_310' title='bbox 1868 717 1923 739; x_wconf 85' lang='lat' dir='ltr'>seu</span> 
     </span>
     <span class='ocr_line' id='line_1_62' title="bbox 1187 756 1923 803; baseline 0.004 -15"><span class='ocrx_word' id='word_1_311' title='bbox 1187 756 1242 788; x_wconf 84' lang='lat' dir='ltr'>illa</span> <span class='ocrx_word' id='word_1_312' title='bbox 1267 767 1444 800; x_wconf 86' lang='lat' dir='ltr'>eorumque</span> <span class='ocrx_word' id='word_1_313' title='bbox 1470 758 1591 790; x_wconf 82' lang='lat' dir='ltr'>fructus</span> <span class='ocrx_word' id='word_1_314' title='bbox 1617 758 1781 800; x_wconf 76' lang='lat' dir='ltr'>obligandi</span> <span class='ocrx_word' id='word_1_315' title='bbox 1807 764 1838 791; x_wconf 88' lang='lat' dir='ltr'>et</span> <span class='ocrx_word' id='word_1_316' title='bbox 1867 760 1923 803; x_wconf 79' lang='lat' dir='ltr'>hy-</span> 
     </span>
    </p>
   </div>
   <div class='ocr_carea' id='block_1_14' title="bbox 1185 863 1923 1120">
    <p class='ocr_par' dir='ltr' id='par_1_16' title="bbox 1185 863 1923 1120">
     <span class='ocr_line' id='line_1_63' title="bbox 1187 863 1922 898; baseline 0.004 -3"><span class='ocrx_word' id='word_1_317' title='bbox 1187 869 1335 895; x_wconf 75' lang='lat' dir='ltr'>venturas</span> <span class='ocrx_word' id='word_1_318' title='bbox 1354 863 1385 895; x_wconf 90' lang='lat' dir='ltr'>in</span> <span class='ocrx_word' id='word_1_319' title='bbox 1412 864 1561 896; x_wconf 79' lang='lat' dir='ltr'>fabricam</span> <span class='ocrx_word' id='word_1_320' title='bbox 1588 865 1755 897; x_wconf 87' lang='lat' dir='ltr'>domorum</span> <span class='ocrx_word' id='word_1_321' title='bbox 1781 865 1813 897; x_wconf 93' lang='lat' dir='ltr'>in</span> <span class='ocrx_word' id='word_1_322' title='bbox 1838 865 1922 898; x_wconf 71' lang='lat' dir='ltr'>dicta</span> 
     </span>
     <span class='ocr_line' id='line_1_64' title="bbox 1186 915 1923 960; baseline 0.005 -13"><span class='ocrx_word' id='word_1_323' title='bbox 1186 915 1311 948; x_wconf 80' lang='lat' dir='ltr'>civitate</span> <span class='ocrx_word' id='word_1_324' title='bbox 1342 916 1523 958; x_wconf 66' lang='lat' dir='ltr'>Ptagusina,</span> <span class='ocrx_word' id='word_1_325' title='bbox 1549 923 1588 949; x_wconf 73' lang='lat' dir='ltr'>ub</span> <span class='ocrx_word' id='word_1_326' title='bbox 1616 917 1815 960; x_wconf 81' lang='lat' dir='ltr'>praefertur,</span> <span class='ocrx_word' id='word_1_327' title='bbox 1847 929 1923 951; x_wconf 86' lang='lat' dir='ltr'>con-</span> 
     </span>
     <span class='ocr_line' id='line_1_65' title="bbox 1186 969 1921 1011; baseline 0.007 -11"><span class='ocrx_word' id='word_1_328' title='bbox 1186 969 1421 1010; x_wconf 82' lang='lat' dir='ltr'>struendarmn,</span> <span class='ocrx_word' id='word_1_329' title='bbox 1447 974 1478 1001; x_wconf 89' lang='lat' dir='ltr'>et</span> <span class='ocrx_word' id='word_1_330' title='bbox 1502 980 1566 1002; x_wconf 91' lang='lat' dir='ltr'>non</span> <span class='ocrx_word' id='word_1_331' title='bbox 1586 970 1618 1002; x_wconf 90' lang='lat' dir='ltr'>in</span> <span class='ocrx_word' id='word_1_332' title='bbox 1637 970 1715 1003; x_wconf 86' lang='lat' dir='ltr'>alios</span> <span class='ocrx_word' id='word_1_333' title='bbox 1733 981 1816 1011; x_wconf 73' lang='lat' dir='ltr'>usus,</span> <span class='ocrx_word' id='word_1_334' title='bbox 1839 971 1921 1004; x_wconf 86' lang='lat' dir='ltr'>inte-</span> 
     </span>
     <span class='ocr_line' id='line_1_66' title="bbox 1186 1022 1921 1066; baseline 0.004 -12"><span class='ocrx_word' id='word_1_335' title='bbox 1186 1033 1240 1063; x_wconf 64' lang='lat' dir='ltr'>gre</span> <span class='ocrx_word' id='word_1_336' title='bbox 1274 1022 1483 1055; x_wconf 83' lang='lat' dir='ltr'>convertendi</span> <span class='ocrx_word' id='word_1_337' title='bbox 1515 1028 1547 1055; x_wconf 89' lang='lat' dir='ltr'>et</span> <span class='ocrx_word' id='word_1_338' title='bbox 1573 1024 1729 1066; x_wconf 81' lang='lat' dir='ltr'>erogandi</span> <span class='ocrx_word' id='word_1_339' title='bbox 1756 1024 1921 1057; x_wconf 89' lang='lat' dir='ltr'>licentiam</span> 
     </span>
     <span class='ocr_line' id='line_1_67' title="bbox 1185 1073 1922 1120; baseline 0.003 -13"><span class='ocrx_word' id='word_1_340' title='bbox 1185 1081 1217 1107; x_wconf 81' lang='lat' dir='ltr'>et</span> <span class='ocrx_word' id='word_1_341' title='bbox 1234 1075 1415 1107; x_wconf 85' lang='lat' dir='ltr'>facultatem</span> <span class='ocrx_word' id='word_1_342' title='bbox 1441 1073 1632 1108; x_wconf 81' lang='lat' dir='ltr'>anctoritate</span> <span class='ocrx_word' id='word_1_343' title='bbox 1660 1079 1767 1108; x_wconf 79' lang='lat' dir='ltr'>nostra</span> <span class='ocrx_word' id='word_1_344' title='bbox 1792 1082 1922 1120; x_wconf 81' lang='lat' dir='ltr'>aposto-</span> 
     </span>
    </p>
   </div>
   <div class='ocr_carea' id='block_1_15' title="bbox 1163 1128 1920 1172">
    <p class='ocr_par' dir='ltr' id='par_1_17' title="bbox 1163 1128 1920 1172">
     <span class='ocr_line' id='line_1_68' title="bbox 1163 1128 1920 1172; baseline 0.004 -13"><span class='ocrx_word' id='word_1_345' title='bbox 1163 1136 1164 1143; x_wconf 63' lang='lat'><em>*</em></span> <span class='ocrx_word' id='word_1_346' title='bbox 1185 1128 1246 1160; x_wconf 77' lang='lat' dir='ltr'>lica</span> <span class='ocrx_word' id='word_1_347' title='bbox 1270 1138 1327 1170; x_wconf 87' lang='lat' dir='ltr'>pro</span> <span class='ocrx_word' id='word_1_348' title='bbox 1346 1133 1398 1160; x_wconf 89' lang='lat' dir='ltr'>tuo</span> <span class='ocrx_word' id='word_1_349' title='bbox 1425 1128 1558 1160; x_wconf 87' lang='lat' dir='ltr'>arbitrio</span> <span class='ocrx_word' id='word_1_350' title='bbox 1584 1133 1615 1161; x_wconf 90' lang='lat' dir='ltr'>et</span> <span class='ocrx_word' id='word_1_351' title='bbox 1639 1129 1836 1161; x_wconf 76' lang='lat' dir='ltr'>conscientia</span> <span class='ocrx_word' id='word_1_352' title='bbox 1853 1140 1920 1172; x_wconf 75' lang='lat' dir='ltr'>gra-</span> 
     </span>
    </p>
   </div>
   <div class='ocr_carea' id='block_1_16' title="bbox 1180 1180 1922 2446">
    <p class='ocr_par' dir='ltr' id='par_1_18' title="bbox 1183 1180 1922 1383">
     <span class='ocr_line' id='line_1_69' title="bbox 1186 1180 1922 1224; baseline 0.003 -12"><span class='ocrx_word' id='word_1_353' title='bbox 1186 1180 1224 1213; x_wconf 90' lang='lat' dir='ltr'>tis</span> <span class='ocrx_word' id='word_1_354' title='bbox 1244 1181 1458 1223; x_wconf 83' lang='lat' dir='ltr'>impertiaris,</span> <span class='ocrx_word' id='word_1_355' title='bbox 1478 1191 1513 1213; x_wconf 86' lang='lat' dir='ltr'>ac</span> <span class='ocrx_word' id='word_1_356' title='bbox 1537 1191 1635 1213; x_wconf 86' lang='lat' dir='ltr'>onera</span> <span class='ocrx_word' id='word_1_357' title='bbox 1659 1181 1711 1224; x_wconf 90' lang='lat' dir='ltr'>pia</span> <span class='ocrx_word' id='word_1_358' title='bbox 1733 1182 1854 1214; x_wconf 87' lang='lat' dir='ltr'>eisdem</span> <span class='ocrx_word' id='word_1_359' title='bbox 1874 1193 1922 1214; x_wconf 88' lang='lat' dir='ltr'>ca-</span> 
     </span>
     <span class='ocr_line' id='line_1_70' title="bbox 1184 1233 1919 1277; baseline 0.003 -12"><span class='ocrx_word' id='word_1_360' title='bbox 1184 1233 1335 1276; x_wconf 85' lang='lat' dir='ltr'>pitalibus</span> <span class='ocrx_word' id='word_1_361' title='bbox 1359 1234 1536 1277; x_wconf 86' lang='lat' dir='ltr'>respective</span> <span class='ocrx_word' id='word_1_362' title='bbox 1568 1234 1712 1267; x_wconf 82' lang='lat' dir='ltr'>iniuncta</span> <span class='ocrx_word' id='word_1_363' title='bbox 1744 1235 1776 1267; x_wconf 92' lang='lat' dir='ltr'>in</span> <span class='ocrx_word' id='word_1_364' title='bbox 1807 1235 1919 1268; x_wconf 87' lang='lat' dir='ltr'>domos</span> 
     </span>
     <span class='ocr_line' id='line_1_71' title="bbox 1183 1286 1922 1329; baseline 0.001 -11"><span class='ocrx_word' id='word_1_365' title='bbox 1183 1292 1216 1318; x_wconf 92' lang='lat' dir='ltr'>ut</span> <span class='ocrx_word' id='word_1_366' title='bbox 1240 1286 1460 1329; x_wconf 87' lang='lat' dir='ltr'>praemittitur</span> <span class='ocrx_word' id='word_1_367' title='bbox 1484 1288 1719 1319; x_wconf 86' lang='lat' dir='ltr'>construendas</span> <span class='ocrx_word' id='word_1_368' title='bbox 1736 1288 1849 1320; x_wconf 75' lang='lat' dir='ltr'>eadem</span> <span class='ocrx_word' id='word_1_369' title='bbox 1866 1298 1922 1320; x_wconf 89' lang='lat' dir='ltr'>au-</span> 
     </span>
     <span class='ocr_line' id='line_1_72' title="bbox 1183 1339 1819 1383; baseline 0.002 -11"><span class='ocrx_word' id='word_1_370' title='bbox 1183 1339 1327 1373; x_wconf 86' lang='lat' dir='ltr'>ctoritate</span> <span class='ocrx_word' id='word_1_371' title='bbox 1354 1340 1528 1373; x_wconf 82' lang='lat' dir='ltr'>transferas</span> <span class='ocrx_word' id='word_1_372' title='bbox 1553 1345 1584 1373; x_wconf 88' lang='lat' dir='ltr'>et</span> <span class='ocrx_word' id='word_1_373' title='bbox 1608 1345 1819 1383; x_wconf 86' lang='lat' dir='ltr'>transportes.</span> 
     </span>
    </p>

    <p class='ocr_par' dir='ltr' id='par_1_19' title="bbox 1180 1392 1920 2180">
     <span class='ocr_line' id='line_1_73' title="bbox 1226 1392 1918 1436; baseline 0.001 -12"><span class='ocrx_word' id='word_1_374' title='bbox 1226 1393 1240 1435; x_wconf 75' lang='lat'>§</span> <span class='ocrx_word' id='word_1_375' title='bbox 1265 1392 1296 1425; x_wconf 80' lang='lat'>3.</span> <span class='ocrx_word' id='word_1_376' title='bbox 1322 1392 1391 1425; x_wconf 74' lang='lat' dir='ltr'>Non</span> <span class='ocrx_word' id='word_1_377' title='bbox 1416 1392 1619 1427; x_wconf 80' lang='lat' dir='ltr'>obstantibus</span> <span class='ocrx_word' id='word_1_378' title='bbox 1645 1403 1918 1436; x_wconf 85' lang='lat' dir='ltr'>quorumcumque</span> 
     </span>
     <span class='ocr_line' id='line_1_74' title="bbox 1184 1446 1920 1490; baseline 0.003 -13"><span class='ocrx_word' id='word_1_379' title='bbox 1184 1450 1373 1478; x_wconf 87' lang='lat' dir='ltr'>testatorum</span> <span class='ocrx_word' id='word_1_380' title='bbox 1398 1451 1430 1479; x_wconf 88' lang='lat' dir='ltr'>et</span> <span class='ocrx_word' id='word_1_381' title='bbox 1454 1446 1582 1489; x_wconf 88' lang='lat' dir='ltr'>piorum</span> <span class='ocrx_word' id='word_1_382' title='bbox 1607 1447 1796 1489; x_wconf 81' lang='lat' dir='ltr'>largitorum</span> <span class='ocrx_word' id='word_1_383' title='bbox 1827 1457 1920 1490; x_wconf 84' lang='lat' dir='ltr'>prae-</span> 
     </span>
     <span class='ocr_line' id='line_1_75' title="bbox 1183 1499 1918 1543; baseline 0.003 -12"><span class='ocrx_word' id='word_1_384' title='bbox 1183 1500 1320 1531; x_wconf 85' lang='lat' dir='ltr'>fatorum</span> <span class='ocrx_word' id='word_1_385' title='bbox 1338 1499 1432 1531; x_wconf 78' lang='lat' dir='ltr'>etiam</span> <span class='ocrx_word' id='word_1_386' title='bbox 1452 1499 1570 1532; x_wconf 89' lang='lat' dir='ltr'>ultimis</span> <span class='ocrx_word' id='word_1_387' title='bbox 1586 1500 1815 1540; x_wconf 89' lang='lat' dir='ltr'>voluntatibus,</span> <span class='ocrx_word' id='word_1_388' title='bbox 1830 1511 1918 1543; x_wconf 88' lang='lat' dir='ltr'>quas,</span> 
     </span>
     <span class='ocr_line' id='line_1_76' title="bbox 1183 1552 1919 1596; baseline 0.003 -13"><span class='ocrx_word' id='word_1_389' title='bbox 1183 1553 1289 1594; x_wconf 88' lang='lat' dir='ltr'>quoad</span> <span class='ocrx_word' id='word_1_390' title='bbox 1306 1552 1494 1595; x_wconf 81' lang='lat' dir='ltr'>praeniissa,</span> <span class='ocrx_word' id='word_1_391' title='bbox 1508 1552 1704 1585; x_wconf 85' lang='lat' dir='ltr'>sufficienter</span> <span class='ocrx_word' id='word_1_392' title='bbox 1718 1557 1750 1585; x_wconf 81' lang='lat' dir='ltr'>et</span> <span class='ocrx_word' id='word_1_393' title='bbox 1764 1563 1919 1596; x_wconf 86' lang='lat' dir='ltr'>expresse</span> 
     </span>
     <span class='ocr_line' id='line_1_77' title="bbox 1182 1605 1920 1645; baseline 0 -8"><span class='ocrx_word' id='word_1_394' title='bbox 1182 1611 1440 1645; x_wconf 81' lang='lat' dir='ltr'>commutamus,</span> <span class='ocrx_word' id='word_1_395' title='bbox 1478 1616 1514 1638; x_wconf 88' lang='lat' dir='ltr'>ac</span> <span class='ocrx_word' id='word_1_396' title='bbox 1549 1605 1650 1638; x_wconf 87' lang='lat' dir='ltr'>felicis</span> <span class='ocrx_word' id='word_1_397' title='bbox 1685 1606 1920 1639; x_wconf 82' lang='lat' dir='ltr'>recordationis</span> 
     </span>
     <span class='ocr_line' id='line_1_78' title="bbox 1181 1658 1920 1691; baseline 0.001 -2"><span class='ocrx_word' id='word_1_398' title='bbox 1181 1658 1270 1690; x_wconf 86' lang='lat' dir='ltr'>Pauli</span> <span class='ocrx_word' id='word_1_399' title='bbox 1295 1658 1320 1690; x_wconf 92' lang='lat' dir='ltr'>ll</span> <span class='ocrx_word' id='word_1_400' title='bbox 1345 1663 1376 1691; x_wconf 84' lang='lat' dir='ltr'>et</span> <span class='ocrx_word' id='word_1_401' title='bbox 1400 1658 1537 1691; x_wconf 88' lang='lat' dir='ltr'>aliorum</span> <span class='ocrx_word' id='word_1_402' title='bbox 1565 1658 1785 1691; x_wconf 84' lang='lat' dir='ltr'>Romanorum</span> <span class='ocrx_word' id='word_1_403' title='bbox 1816 1658 1920 1691; x_wconf 91' lang='lat' dir='ltr'>Ponti-</span> 
     </span>
     <span class='ocr_line' id='line_1_79' title="bbox 1182 1711 1920 1754; baseline 0.001 -11"><span class='ocrx_word' id='word_1_404' title='bbox 1182 1711 1276 1744; x_wconf 83' lang='lat' dir='ltr'>ficum</span> <span class='ocrx_word' id='word_1_405' title='bbox 1302 1712 1590 1754; x_wconf 85' lang='lat' dir='ltr'>praedecessorum</span> <span class='ocrx_word' id='word_1_406' title='bbox 1616 1716 1799 1744; x_wconf 84' lang='lat' dir='ltr'>nostrorum</span> <span class='ocrx_word' id='word_1_407' title='bbox 1818 1711 1856 1744; x_wconf 91' lang='lat' dir='ltr'>de</span> <span class='ocrx_word' id='word_1_408' title='bbox 1874 1722 1920 1744; x_wconf 86' lang='lat' dir='ltr'>re-</span> 
     </span>
     <span class='ocr_line' id='line_1_80' title="bbox 1182 1765 1918 1808; baseline 0 -11"><span class='ocrx_word' id='word_1_409' title='bbox 1182 1766 1241 1797; x_wconf 86' lang='lat' dir='ltr'>bus</span> <span class='ocrx_word' id='word_1_410' title='bbox 1266 1765 1426 1797; x_wconf 80' lang='lat' dir='ltr'>Ecclesiae</span> <span class='ocrx_word' id='word_1_411' title='bbox 1459 1775 1523 1798; x_wconf 92' lang='lat' dir='ltr'>non</span> <span class='ocrx_word' id='word_1_412' title='bbox 1549 1765 1754 1804; x_wconf 82' lang='lat' dir='ltr'>alienandis,</span> <span class='ocrx_word' id='word_1_413' title='bbox 1780 1765 1918 1808; x_wconf 84' lang='lat' dir='ltr'>aliisque</span> 
     </span>
     <span class='ocr_line' id='line_1_81' title="bbox 1181 1817 1920 1860; baseline 0 -10"><span class='ocrx_word' id='word_1_414' title='bbox 1181 1818 1463 1851; x_wconf 87' lang='lat' dir='ltr'>constitutionibus</span> <span class='ocrx_word' id='word_1_415' title='bbox 1497 1823 1527 1851; x_wconf 89' lang='lat' dir='ltr'>et</span> <span class='ocrx_word' id='word_1_416' title='bbox 1551 1817 1810 1851; x_wconf 85' lang='lat' dir='ltr'>ordinationibus</span> <span class='ocrx_word' id='word_1_417' title='bbox 1843 1828 1920 1860; x_wconf 84' lang='lat' dir='ltr'>apo-</span> 
     </span>
     <span class='ocr_line' id='line_1_82' title="bbox 1181 1870 1920 1914; baseline 0 -11"><span class='ocrx_word' id='word_1_418' title='bbox 1181 1872 1320 1913; x_wconf 85' lang='lat' dir='ltr'>stolicis,</span> <span class='ocrx_word' id='word_1_419' title='bbox 1345 1882 1485 1911; x_wconf 86' lang='lat' dir='ltr'>necnon,</span> <span class='ocrx_word' id='word_1_420' title='bbox 1506 1877 1664 1914; x_wconf 84' lang='lat' dir='ltr'>quatenus</span> <span class='ocrx_word' id='word_1_421' title='bbox 1686 1882 1767 1914; x_wconf 88' lang='lat' dir='ltr'>opus</span> <span class='ocrx_word' id='word_1_422' title='bbox 1793 1871 1845 1911; x_wconf 77' lang='lat' dir='ltr'>sit,</span> <span class='ocrx_word' id='word_1_423' title='bbox 1873 1870 1920 1903; x_wconf 89' lang='lat' dir='ltr'>di-</span> 
     </span>
     <span class='ocr_line' id='line_1_83' title="bbox 1181 1925 1916 1968; baseline -0.003 -10"><span class='ocrx_word' id='word_1_424' title='bbox 1181 1931 1306 1958; x_wconf 80' lang='lat' dir='ltr'>ctorum</span> <span class='ocrx_word' id='word_1_425' title='bbox 1343 1926 1486 1958; x_wconf 84' lang='lat' dir='ltr'>locorum</span> <span class='ocrx_word' id='word_1_426' title='bbox 1519 1925 1669 1968; x_wconf 84' lang='lat' dir='ltr'>piorum,</span> <span class='ocrx_word' id='word_1_427' title='bbox 1697 1925 1792 1957; x_wconf 86' lang='lat' dir='ltr'>etiam</span> <span class='ocrx_word' id='word_1_428' title='bbox 1825 1925 1916 1957; x_wconf 86' lang='lat' dir='ltr'>iura-</span> 
     </span>
     <span class='ocr_line' id='line_1_84' title="bbox 1181 1978 1917 2021; baseline -0.003 -11"><span class='ocrx_word' id='word_1_429' title='bbox 1181 1984 1298 2019; x_wconf 85' lang='lat' dir='ltr'>mento,</span> <span class='ocrx_word' id='word_1_430' title='bbox 1320 1978 1562 2011; x_wconf 81' lang='lat' dir='ltr'>confirmatione</span> <span class='ocrx_word' id='word_1_431' title='bbox 1582 1978 1765 2021; x_wconf 73' lang='lat' dir='ltr'>apostolica,</span> <span class='ocrx_word' id='word_1_432' title='bbox 1780 1978 1829 2010; x_wconf 80' lang='lat' dir='ltr'>vel</span> <span class='ocrx_word' id='word_1_433' title='bbox 1844 1988 1917 2020; x_wconf 84' lang='lat' dir='ltr'>qua-</span> 
     </span>
     <span class='ocr_line' id='line_1_85' title="bbox 1180 2030 1919 2071; baseline -0.003 -8"><span class='ocrx_word' id='word_1_434' title='bbox 1180 2031 1225 2063; x_wconf 81' lang='lat' dir='ltr'>vis</span> <span class='ocrx_word' id='word_1_435' title='bbox 1257 2031 1406 2064; x_wconf 72' lang='lat' dir='ltr'>firmitate</span> <span class='ocrx_word' id='word_1_436' title='bbox 1440 2031 1500 2064; x_wconf 77' lang='lat' dir='ltr'>alia</span> <span class='ocrx_word' id='word_1_437' title='bbox 1534 2031 1705 2071; x_wconf 75' lang='lat' dir='ltr'>roboratis,</span> <span class='ocrx_word' id='word_1_438' title='bbox 1734 2030 1859 2062; x_wconf 81' lang='lat' dir='ltr'>statutis</span> <span class='ocrx_word' id='word_1_439' title='bbox 1887 2034 1919 2062; x_wconf 88' lang='lat' dir='ltr'>et</span> 
     </span>
     <span class='ocr_line' id='line_1_86' title="bbox 1181 2082 1918 2126; baseline -0.003 -10"><span class='ocrx_word' id='word_1_440' title='bbox 1181 2084 1468 2116; x_wconf 84' lang='lat' dir='ltr'>consuetudinibus</span> <span class='ocrx_word' id='word_1_441' title='bbox 1484 2111 1491 2124; x_wconf 90' lang='lat'>‚</span> <span class='ocrx_word' id='word_1_442' title='bbox 1529 2083 1709 2126; x_wconf 85' lang='lat' dir='ltr'>ceterisque</span> <span class='ocrx_word' id='word_1_443' title='bbox 1748 2082 1918 2115; x_wconf 86' lang='lat' dir='ltr'>contrariis</span> 
     </span>
     <span class='ocr_line' id='line_1_87' title="bbox 1183 2137 1449 2180; baseline 0 -12"><span class='ocrx_word' id='word_1_444' title='bbox 1183 2137 1449 2180; x_wconf 58' lang='lat' dir='ltr'>‹pxibuscumque</span> 
     </span>
    </p>

    <p class='ocr_par' dir='ltr' id='par_1_20' title="bbox 1180 2187 1919 2382">
     <span class='ocr_line' id='line_1_88' title="bbox 1224 2187 1919 2232; baseline -0.003 -10"><span class='ocrx_word' id='word_1_445' title='bbox 1224 2190 1336 2222; x_wconf 89' lang='lat' dir='ltr'>Datum</span> <span class='ocrx_word' id='word_1_446' title='bbox 1362 2190 1501 2229; x_wconf 84' lang='lat' dir='ltr'>Romae,</span> <span class='ocrx_word' id='word_1_447' title='bbox 1534 2189 1617 2232; x_wconf 75' lang='lat' dir='ltr'>apucl</span> <span class='ocrx_word' id='word_1_448' title='bbox 1643 2188 1673 2221; x_wconf 82' lang='lat' dir='ltr'>S.</span> <span class='ocrx_word' id='word_1_449' title='bbox 1702 2188 1831 2221; x_wconf 79' lang='lat' dir='ltr'>Mariam</span> <span class='ocrx_word' id='word_1_450' title='bbox 1856 2187 1919 2220; x_wconf 83' lang='lat' dir='ltr'>Ma-</span> 
     </span>
     <span class='ocr_line' id='line_1_89' title="bbox 1180 2242 1919 2283; baseline -0.004 -8"><span class='ocrx_word' id='word_1_451' title='bbox 1180 2244 1298 2283; x_wconf 81' lang='lat' dir='ltr'>iorem,</span> <span class='ocrx_word' id='word_1_452' title='bbox 1325 2243 1383 2275; x_wconf 88' lang='lat' dir='ltr'>sub</span> <span class='ocrx_word' id='word_1_453' title='bbox 1409 2244 1529 2275; x_wconf 85' lang='lat' dir='ltr'>annulo</span> <span class='ocrx_word' id='word_1_454' title='bbox 1554 2242 1734 2281; x_wconf 79' lang='lat' dir='ltr'>Piscatoris‚</span> <span class='ocrx_word' id='word_1_455' title='bbox 1754 2242 1804 2274; x_wconf 86' lang='lat' dir='ltr'>die</span> <span class='ocrx_word' id='word_1_456' title='bbox 1829 2252 1847 2274; x_wconf 92' lang='lat' dir='ltr'>v</span> <span class='ocrx_word' id='word_1_457' title='bbox 1875 2242 1919 2273; x_wconf 91' lang='lat' dir='ltr'>fe-</span> 
     </span>
     <span class='ocr_line' id='line_1_90' title="bbox 1180 2295 1919 2339; baseline -0.003 -10"><span class='ocrx_word' id='word_1_458' title='bbox 1180 2296 1302 2329; x_wconf 83' lang='lat' dir='ltr'>bruarii</span> <span class='ocrx_word' id='word_1_459' title='bbox 1332 2306 1481 2336; x_wconf 72' lang='lat' dir='ltr'>iinCinx,</span> <span class='ocrx_word' id='word_1_460' title='bbox 1506 2295 1710 2339; x_wconf 81' lang='lat' dir='ltr'>pontificatus</span> <span class='ocrx_word' id='word_1_461' title='bbox 1735 2295 1839 2327; x_wconf 88' lang='lat' dir='ltr'>nostri</span> <span class='ocrx_word' id='word_1_462' title='bbox 1864 2305 1919 2327; x_wconf 86' lang='lat' dir='ltr'>an-</span> 
     </span>
     <span class='ocr_line' id='line_1_91' title="bbox 1180 2360 1283 2382; baseline 0 0"><span class='ocrx_word' id='word_1_463' title='bbox 1180 2360 1223 2382; x_wconf 91' lang='lat' dir='ltr'>no</span> <span class='ocrx_word' id='word_1_464' title='bbox 1249 2360 1283 2382; x_wconf 88' lang='lat'>11.</span> 
     </span>
    </p>

    <p class='ocr_par' dir='ltr' id='par_1_21' title="bbox 1215 2410 1838 2446">
     <span class='ocr_line' id='line_1_92' title="bbox 1215 2410 1838 2446; baseline -0.002 -8"><span class='ocrx_word' id='word_1_465' title='bbox 1215 2411 1273 2438; x_wconf 81' lang='lat' dir='ltr'>Dat.</span> <span class='ocrx_word' id='word_1_466' title='bbox 1291 2411 1335 2438; x_wconf 83' lang='lat' dir='ltr'>die</span> <span class='ocrx_word' id='word_1_467' title='bbox 1351 2412 1366 2438; x_wconf 84' lang='lat'>5</span> <span class='ocrx_word' id='word_1_468' title='bbox 1382 2411 1497 2438; x_wconf 80' lang='lat' dir='ltr'>februaii</span> <span class='ocrx_word' id='word_1_469' title='bbox 1516 2411 1592 2445; x_wconf 75' lang='lat'><strong>1669,</strong></span> <span class='ocrx_word' id='word_1_470' title='bbox 1609 2410 1706 2446; x_wconf 82' lang='lat' dir='ltr'>pontif.</span> <span class='ocrx_word' id='word_1_471' title='bbox 1724 2418 1796 2438; x_wconf 87' lang='lat' dir='ltr'>anno</span> <span class='ocrx_word' id='word_1_472' title='bbox 1810 2416 1838 2437; x_wconf 92' lang='lat'>11.</span> 
     </span>
    </p>
   </div>
   <div class='ocr_carea' id='block_1_17' title="bbox 1508 2546 1593 2578">
    <p class='ocr_par' dir='ltr' id='par_1_22' title="bbox 1508 2546 1593 2578">
     <span class='ocr_line' id='line_1_93' title="bbox 1508 2546 1593 2578; baseline -0.012 0"><span class='ocrx_word' id='word_1_473' title='bbox 1508 2546 1593 2578; x_wconf 71' lang='lat' dir='ltr'>XCV.</span> 
     </span>
    </p>
   </div>
   <div class='ocr_carea' id='block_1_18' title="bbox 1160 2607 1917 2659">
    <p class='ocr_par' dir='ltr' id='par_1_23' title="bbox 1160 2607 1917 2659">
     <span class='ocr_line' id='line_1_94' title="bbox 1160 2607 1917 2659; baseline 0 -11"><span class='ocrx_word' id='word_1_474' title='bbox 1160 2607 1163 2626; x_wconf 78' lang='lat'><em>¹</em></span> <span class='ocrx_word' id='word_1_475' title='bbox 1184 2616 1329 2648; x_wconf 70' lang='lat' dir='ltr'>Licentia</span> <span class='ocrx_word' id='word_1_476' title='bbox 1352 2615 1514 2659; x_wconf 68' lang='lat' dir='ltr'>⁷·el1&#39;9v&#39;osz&#39;s</span> <span class='ocrx_word' id='word_1_477' title='bbox 1535 2615 1803 2648; x_wconf 73' lang='lat' dir='ltr'>vzoaasleriorum</span> <span class='ocrx_word' id='word_1_478' title='bbox 1820 2615 1917 2648; x_wconf 77' lang='lat' dir='ltr'>Pala-</span> 
     </span>
    </p>
   </div>
   <div class='ocr_carea' id='block_1_19' title="bbox 1228 2668 1918 2712">
    <p class='ocr_par' dir='ltr' id='par_1_24' title="bbox 1228 2668 1918 2712">
     <span class='ocr_line' id='line_1_95' title="bbox 1228 2668 1918 2712; baseline 0.001 -12"><span class='ocrx_word' id='word_1_479' title='bbox 1228 2669 1351 2701; x_wconf 73' lang='lat' dir='ltr'>[inatus</span> <span class='ocrx_word' id='word_1_480' title='bbox 1375 2669 1552 2712; x_wconf 71' lang='lat' dir='ltr'>superioris</span> <span class='ocrx_word' id='word_1_481' title='bbox 1581 2668 1726 2701; x_wconf 65' lang='lat' dir='ltr'>solvendi</span> <span class='ocrx_word' id='word_1_482' title='bbox 1754 2670 1918 2711; x_wconf 71' lang='lat' dir='ltr'>ocloyiula</span> 
     </span>
    </p>
   </div>
   <div class='ocr_carea' id='block_1_20' title="bbox 1931 284 2117 313">
    <p class='ocr_par' dir='ltr' id='par_1_25' title="bbox 1931 284 2117 313">
     <span class='ocr_line' id='line_1_96' title="bbox 1931 284 2117 313; baseline 0.005 -2"><span class='ocrx_word' id='word_1_483' title='bbox 1931 286 1980 313; x_wconf 72' lang='lat' dir='ltr'>An.</span> <span class='ocrx_word' id='word_1_484' title='bbox 1998 285 2028 313; x_wconf 87' lang='lat' dir='ltr'>C.</span> <span class='ocrx_word' id='word_1_485' title='bbox 2051 284 2117 312; x_wconf 68' lang='lat'>1560</span> 
     </span>
    </p>
   </div>
   <div class='ocr_carea' id='block_1_21' title="bbox 1929 1405 2116 1459">
    <p class='ocr_par' dir='ltr' id='par_1_26' title="bbox 1929 1405 2116 1459">
     <span class='ocr_line' id='line_1_97' title="bbox 2001 1405 2116 1427; baseline -0.017 0"><span class='ocrx_word' id='word_1_486' title='bbox 2001 1405 2116 1427; x_wconf 77' lang='lat' dir='ltr'>Contrariis</span> 
     </span>
     <span class='ocr_line' id='line_1_98' title="bbox 1929 1435 2026 1459; baseline -0.01 -4"><span class='ocrx_word' id='word_1_487' title='bbox 1929 1435 2026 1459; x_wconf 73' lang='lat' dir='ltr'>derogat.</span> 
     </span>
    </p>
   </div>
  </div>
 </body>
</html>
