2247 3208
159 208 207 234 An.
230 206 257 233 G.
282 206 350 232 1663
396 197 460 231 ⁶204
934 203 1115 228 Burmanni
1135 202 1288 229 1101111Νο11
1872 207 1922 234 An.
1941 205 1971 235 c,
1985 197 2055 235 1653

354 265 405 287 ses
430 255 537 296 regiae
562 252 746 285 audientiae
772 252 886 284 Montis
910 251 1037 283 Fusculi
1054 251 1087 282 in
1129 255 1178 283 est
1201 252 1286 294 quod
1311 262 1369 284 nos
1389 251 1533 293 (attentis
1554 254 1723 286 memorati
1744 254 1866 298 Gaspa-

355 317 455 348 regno
477 304 706 347 Neapolitano,
733 314 768 335 ac
794 303 926 336 Carolus
954 302 1088 342 Vettius,
1127 303 1172 335 ris
1209 304 1333 337 comitis
1369 305 1517 347 proregis
1552 306 1864 349 supplicationibus,

354 360 483 392 auditor
500 358 646 390 eiusdem
664 356 860 396 audientiae,
884 366 955 388 cum
972 355 1088 388 litteris
1129 357 1304 400 multisque
1316 357 1585 397 excusationibus,
1600 360 1638 391 ad
1652 359 1713 392 hoc
1725 365 1760 392 ut
1772 371 1865 393 casus

355 411 463 444 dilecti
487 409 544 442 filii
569 409 687 442 nobilis
705 409 764 442 viri
781 408 928 452 Gasparis
942 409 981 441 de
995 409 1088 441 Brac-
1128 415 1357 453 praenarratus
1372 437 1379 450 ,
1416 410 1471 453 qui
1503 411 1620 443 multas
1649 422 1760 444 secum
1793 413 1866 446 tulit

356 468 504 497 cainonte
539 468 571 495 et
595 463 737 495 Gusman
762 462 888 496 comitis
919 462 957 495 de
988 462 1090 494 Pena·
1109 501 1110 505 Ἰ
1129 462 1409 496 considerationes
1435 463 1531 495 etiam
1556 474 1574 495 a
1600 464 1789 497 tumultibus
1809 475 1867 508 po-

354 517 463 556 randa,
491 516 568 549 dicti
593 516 858 560 regniproregis,
877 516 928 549 die
944 525 995 548 xvi
1009 515 1089 547 iunii
1128 515 1297 558 pularibus
1322 514 1450 558 petitas,
1475 515 1568 548 venia
1596 520 1628 548 et
1658 517 1866 550 commisera-

354 570 500 613 proxime
525 568 692 611 praeteriti
718 568 855 612 scriptis,
877 568 916 600 ad
937 568 1020 600 hanc
1046 568 1090 600 al·
1110 610 1111 614 η
1129 569 1219 601 tione
1245 569 1361 611 dignus
1386 568 1635 608 existimaretur,
1655 569 1814 609 adductis,
1835 575 1867 602 et

355 633 439 654 marn
463 621 582 654 Uibem
615 626 757 654 nostram
792 631 898 664 nupei
926 620 1088 659 venerint,
1110 617 1305 665 Jpraecipue
1335 624 1457 654 attenta
1481 621 1679 665 repositione
1705 622 1866 664 praefato-

355 675 450 707 nobis
468 674 649 707 humillime
666 674 868 717 supplicandi
884 683 976 715 ergo,
990 678 1091 725 piout
1110 714 1112 717 ᾖ
1129 684 1202 706 1um
1227 674 1382 716 principis
1407 673 1524 706 Terrae
1542 673 1626 706 della
1647 674 1758 706 Riccia
1782 673 1866 706 eius-

357 727 453 759 etiam
478 733 540 759 tam
566 726 702 769 plopiio
728 737 823 769 quam
842 726 1036 758 dilectoium
1056 724 1091 756 fi·
1110 719 1112 724 ’
1131 736 1192 769 que
1219 726 1411 758 hominum'
1404 737 1435 758 111
1450 727 1565 759 eodem
1591 727 1664 759 loco
1683 727 1763 759 sacta
1777 726 1865 759 unde

357 781 476 814 110111111
501 780 707 824 ploiegentis
732 780 837 812 0111110
858 779 995 812 vicariae
1012 777 1113 811 Nea·
1131 779 1265 811 extiacti
1280 778 1421 821 fucrant)
1436 779 1540 811 dictos
1554 778 1759 811 Franciscum
1772 789 1867 822 piae-

356 834 544 877 politanae,
571 844 607 865 ac
632 832 847 865 commissaiii
878 830 1089 874 Campaniae,
1112 818 1236 863 sidem
1261 836 1293 863 et
1317 831 1464 863 Carolum
1481 830 1665 863 auditorem
1681 831 1865 864 audientiae

358 887 566 930 omniumque
592 886 730 919 aliorum
754 885 939 918 officialium
972 889 1004 916 et
1032 884 1113 916 ini·
1112 878 1348 926 supradictae,
1369 884 1423 927 qui
1440 894 1515 916 vera
1533 883 1754 927 poenitentiae
1775 884 1867 926 signa

358 940 451 972 litum
476 939 653 981 regiorum,
675 948 823 970 excessus
840 947 949 969 mense
975 936 1091 969 martio
1111 920 1113 951 ³
1133 936 1363 975 ostenderunt,
1387 938 1522 978 paterna
1556 936 1728 969 clementia
1757 938 1869 969 nostra

358 994 504 1035 proxime
536 991 713 1034 praeterito
749 991 782 1023 in
818 990 944 1022 civitate
980 984 1283 1031 nostra³prosequi
1309 987 1521 1020 decrevimus.

359 1046 585 1079 Beneventana
598 1044 758 1078 commissi
774 1044 974 1086 complicum,
988 1042 1092 1075 nomi-
1112 1031 1113 1065 l
1176 1041 1190 1084 ἓ
1215 1040 1246 1072 2.
1274 1041 1383 1083 Itaque
1408 1040 1694 1083 circumspectioni
1718 1045 1791 1074 tuae
1809 1051 1883 1085 per
1911 1054 2024 1075 Confirmat
2041 1056 2062 1075 u·

359 1099 452 1130 nibus
477 1097 719 1140 supplicarunt,
750 1100 786 1127 ut
808 1095 868 1127 sibi
894 1100 925 1127 et
950 1094 1014 1127 illis
1037 1094 1093 1126 be·
1112 1125 1113 1128 ,
1132 1103 1248 1136 praese
1253 1098 1323 1125 ntes
1340 1093 1538 1135 iniungimus
1556 1098 1590 1124 ut
1607 1093 1755 1136 (praevia
1776 1087 1899 1126 revo-¹n
1916 1081 2009 1102 ‘ub‘m'

359 1151 509 1184 nelicium
547 1148 758 1182 absolutionis
796 1148 835 1181 ab
876 1147 1093 1181 excommuni-
1112 1134 1114 1182 l
1132 1145 1259 1179 catione
1285 1151 1318 1179 et
1341 1145 1564 1178 annullatione
1590 1145 1735 1179 omnium
1753 1151 1786 1178 et
1804 1146 1869 1178 sin-

360 1203 486 1236 catione
520 1202 621 1235 aliave
652 1212 857 1244 quacumque
888 1202 994 1244 poena
1029 1187 1281 1242 tam¹gulorum
1321 1204 1467 1231 actorum
1507 1204 1540 1231 et
1577 1204 1809 1232 attentatorum
1851 1210 1869 1231 a

360 1257 520 1301 spirituali
552 1266 648 1299 quam
673 1256 844 1298 temporali
874 1265 934 1298 per
964 1265 1019 1288 eos
1051 1254 1092 1287 ob
1132 1252 1285 1295 praefatis
1312 1252 1482 1285 Francisco
1510 1252 1659 1295 praeside
1692 1258 1724 1285 et
1752 1252 1867 1285 Carolo

360 1309 569 1343 violationem
595 1315 658 1341 tam
683 1308 893 1340 immunitatis
923 1317 1020 1350 quam
1045 1306 1094 1338 iu-
1133 1305 1280 1338 auditore
1305 1306 1338 1338 in
1363 1305 1550 1348 praemissis
1566 1305 1680 1348 quovis
1697 1305 1795 1338 modo
1814 1316 1868 1348 ge-

361 1363 559 1396 risdictionis
586 1361 822 1394 ecclesiasticae
848 1366 879 1393 ct
903 1360 1093 1404 temporalis
1133 1363 1255 1390 storum
1281 1363 1313 1390 et
1336 1358 1506 1398 sactorum,
1532 1357 1753 1401 praestitaque
1777 1358 1868 1401 prius

363 1416 444 1458 (tum
462 1415 548 1458 quia,
565 1417 685 1447 armata
702 1425 797 1446 manu
815 1414 961 1446 eamdem
985 1413 1094 1446 civita·
1133 1420 1193 1453 per
1207 1420 1262 1443 cos
1278 1410 1477 1453 obligatione
1498 1410 1681 1443 iuramento
1699 1411 1815 1443 vallata
1828 1411 1868 1443 de

362 1474 428 1500 tem
446 1468 703 1499 Beneventanam
724 1466 871 1508 ingrcssi,
891 1466 965 1498 inde
990 1476 1093 1509 quon·
1134 1464 1260 1496 damnis
1285 1468 1317 1496 et
1340 1463 1517 1505 interesse,
1553 1464 1592 1496 ad
1629 1474 1710 1506 quae
1736 1463 1776 1496 de
1801 1463 1869 1496 iure

363 1522 435 1554 dam
453 1521 626 1563 losephum
640 1520 788 1552 Carasam
798 1512 951 1559 Qricum
968 1524 999 1552 et
1015 1519 1094 1552 alios
1114 1548 1115 1595 1
1134 1516 1334 1549 tenebuntur
1361 1516 1467 1549 statim
1500 1522 1596 1560 atque
1620 1516 1778 1575 liquidata
1803 1516 1870 1548 sue-

363 1579 501 1607 asscitos
527 1572 692 1605 homicidii
717 1571 876 1615 Neapoli
869 1583 901 1604 ln
922 1582 995 1615 peis
999 1582 1115 1604 onam
1111 1602 1116 1630 i
1134 1569 1207 1609 lint,
1225 1568 1420 1609 ieficiendis,
1437 1579 1473 1601 ac
1490 1569 1538 1601 sa(
1543 1571 1572 1601 ta
1593 1569 1689 1601 etiarn
1707 1569 1798 1612 prius
1811 1579 1871 1613 per

364 1627 527 1670 qnondam
553 1625 720 1668 Augustini
747 1626 785 1658 de
811 1625 906 1658 Floie
932 1624 1094 1658 commissi
1114 1633 1115 1659 l
1135 1632 1192 1655 eos
1218 1621 1432 1665 promissione
1459 1622 1546 1665 quod
1573 1622 1604 1654 in
1629 1622 1767 1654 futurum
1792 1632 1809 1653 a
1829 1621 1870 1654 51-

365 1680 538 1723 complices
562 1680 762 1718 eduxerunt,
797 1678 871 1711 licet
894 1677 941 1711 illi
966 1678 1095 1710 nomine
1114 1664 1266 1707 'milibus
1290 1674 1453 1707 violentiis
1483 1680 1515 1706 et
1539 1674 1704 1707 attentatis
1729 1673 1871 1706 abstine-

365 1733 470 1765 euriae
496 1732 728 1765 ecclesiasticae
755 1737 787 1764 et
809 1730 962 1764 seculaiis
993 1729 1096 1763 dietae
1115 1728 1232 1789 11111111,
1261 1732 1292 1760 et
1317 1727 1470 1771 quicquid
1505 1727 1549 1759 eis
1577 1727 1813 1770 praescriptum
1839 1731 1872 1758 et

365 1785 502 1817 civitatis
522 1790 649 1817 nostrae
668 1785 915 1817 Beneventanae
933 1784 965 1816 ln
986 1793 1096 1816 carce·
1115 1793 1119 1830 ᾖ
1135 1781 1314 1814 iniunctum
1326 1780 1432 1820 suerit,
1442 1780 1629 1823 priusquam
1643 1779 1869 1822 infrascriptae

366 1838 453 1871 ribus
478 1837 717 1876 detinerentur,
743 1842 774 1869 01
798 1837 895 1880 aliqui
921 1847 1034 1869 corum
1058 1846 1096 1868 ex
1116 1835 1117 1870 Ῐ
1137 1833 1347 1866 absolutionis
1372 1831 1567 1865 beneficium
1597 1832 1783 1871 obtineant,
1816 1831 1872 1864 ob-

365 1892 438 1924 loco
463 1890 666 1923 immunitate
691 1890 910 1922 ecclesiastica
934 1889 1096 1932 gaudente
1116 1871 1118 1897 Ε
1136 1886 1310 1919 servabunt
1323 1890 1355 1918 et
1368 1885 1602 1928 adimplebunt)
1622 1885 1755 1917 eosdem
1775 1884 1872 1916 Fran-

367 1945 499 1977 extracti
536 1944 670 1976 fuissent
683 1970 690 1983 ,
723 1954 822 1986 seque
854 1942 991 1976 clericos
1027 1951 1096 1975 esse
1116 1923 1118 1948 1
1137 1939 1260 1972 015011111
1275 1938 1458 1981 praesidem
1477 1943 1509 1970 et
1524 1937 1673 1971 Carolum
1689 1937 1872 1969 auditorem

366 1996 639 2040 praetendissent,
664 2001 730 2028 tum
756 1995 850 2028 etiam
865 2000 998 2038 propter
1014 2004 1099 2027 mor·
1118 1989 1119 1996 ¹
1137 1992 1322 2025 audientiae
1338 1991 1534 2031 huiusmodi,
1545 1996 1578 2024 01
1590 2001 1703 2024 eorum
1718 1990 1869 2032 singulos

368 2056 431 2082 tem
457 2049 591 2081 subinde
618 2049 739 2081 eisdem
764 2048 934 2081 carceratis
958 2047 1097 2086 illatam,
1138 2045 1163 2077 si
1189 2045 1251 2077 1100
1275 2056 1292 2077 a
1317 2049 1347 2077 te
1366 2044 1534 2077 humiliter
1551 2043 1716 2086 petierint,
1739 2053 1757 2075 a
1779 2046 1871 2074 reatu

367 2113 403 2135 ac
429 2103 557 2134 demum
583 2102 659 2144 quia
684 2102 836 2134 dilectum
867 2101 963 2133 etiam
995 2099 1098 2132 filium
1137 2098 1274 2131 violatae
1300 2107 1359 2140 per
1384 2107 1449 2137 eos,
1474 2102 1509 2129 ut
1533 2096 1732 2139 praefertur,
1756 2095 1872 2127 immu-

367 2155 510 2188 nobilem
548 2154 649 2187 virum
691 2155 879 2188 modernum
918 2152 1098 2196 principem
1138 2149 1246 2182 nitatis
1272 2155 1304 2182 et
1326 2148 1558 2182 iurisdictionis
1583 2147 1819 2180 ecclesiasticae
1841 2151 1873 2179 et

368 2208 484 2240 Terrae
510 2207 596 2240 della
613 2208 722 2240 Riccia
738 2212 939 2249 nuncupatae
956 2206 990 2238 in
1007 2216 1100 2248 prae·
1139 2202 1338 2246 temporalis,
1363 2212 1400 2234 ac
1424 2201 1606 2234 excessibus
1632 2200 1870 2244 praenarratis,

369 2261 433 2292 sato
450 2270 550 2302 regno
578 2259 789 2302 Neapolitano
819 2258 1042 2298 consistentis,
1068 2262 1100 2290 et
1138 2265 1266 2288 necnon
1281 2253 1779 2296 excommunicationis,aliisque
1797 2262 1873 2284 cen-

369 2312 494 2355 aliquot
511 2312 580 2344 eius
596 2312 752 2352 homines,
767 2312 842 2344 dum
860 2311 920 2354 ipsi
938 2311 1053 2344 ianuae
1068 2315 1100 2343 et
1139 2307 1232 2347 suris,
1256 2307 1426 2339 sententiis
1451 2312 1483 2339 et
1506 2305 1620 2349 poenis
1643 2311 1707 2338 tam
1725 2304 1874 2348 spiritua-

369 2366 547 2408 parictibus
562 2365 718 2398 eeclesiae
737 2364 964 2408 S.110nuphrii
982 2364 1015 2396 in
1035 2369 1100 2396 ter—
1139 2360 1224 2393 libus
1249 2370 1345 2403 quam
1371 2359 1617 2402 temporalibus,
1642 2368 1720 2401 quas
1738 2362 1874 2401 propter

369 2417 480 2451 fitorio
493 2419 595 2450 dit-tae
607 2418 741 2450 civitatis
754 2419 1005 2450 Beneventanae
1020 2417 1099 2449 sitae
1140 2413 1316 2456 praemissa
1336 2412 1448 2456 quovis
1466 2412 1562 2445 modo
1580 2411 1799 2451 incurrerunt,
1819 2413 1875 2442 aut

370 2470 901 2513 adhaerebant,apprehenderunt
915 2476 946 2503 et
959 2469 1100 2512 captivos
1140 2465 1314 2498 incurrisse
1351 2465 1433 2504 dici,
1465 2463 1591 2497 censeri
1620 2464 1670 2496 vel
1702 2461 1873 2506 praetendi

371 2523 588 2565 abduxerunt)
614 2523 758 2561 incursis,
783 2523 964 2555 concedere
991 2522 1029 2554 de
1047 2521 1101 2553 be·
1141 2524 1284 2562 possent,
1311 2518 1344 2550 in
1368 2523 1503 2561 utroque
1523 2517 1591 2550 soro
1609 2516 1796 2549 auctoritate
1816 2525 1875 2548 no-

368 2575 525 2617 ingniri-iis·
559 2575 735 2619 armstolica
768 2575 994 2617 dignaremur:
1025 2573 1100 2605 hinc
1141 2573 1204 2605 stra
1229 2570 1407 2614 apostolica
1431 2571 1462 2603 in
1490 2570 1589 2603 forma
1610 2568 1772 2602 Ecclesiae
1797 2577 1874 2601 con-
