2247 3208
134 170 184 198 An.
201 170 231 197 C.
254 170 322 197 1666

150 1867 279 1892 Mandalque
292 1869 314 1886 ut

129 1900 201 1914 omues>
228 1895 314 1919 praedi·-

129 1923 162 1939 cto
187 1920 265 1940 nuncio
281 1926 313 1939 a*-

129 1949 203 1966 sistffint
228 1949 248 1966 et
276 1952 313 1972 p:-

129 1976 197 1993 Τι’-ἰιιῑ.

154 2498 266 2519 neemiam
285 2506 310 2519 ir-

127 2525 199 2545 filans.

917 171 1060 195 ALEXAND
1067 172 1105 195 En
1129 173 1173 195 VII
1199 172 1247 195 PP.

326 219 542 253 commoditati
573 225 605 252 et
630 219 833 253 indemnitati
866 220 1064 264 prospicere,

325 277 412 305 motu
438 273 580 316 proprio,
599 284 634 305 ac
658 284 694 306 ex
720 275 805 306 certa
829 275 938 306 nostra
962 273 1066 306 scien-

325 325 379 364 tia,
408 326 512 368 deque
538 326 733 369 apostolicae
765 326 931 369 potestatis
961 325 1066 369 pleni-

326 379 496 419 nitudine,
524 384 576 418 te,
602 379 642 412 de
668 380 758 412 cuius
782 379 963 423 probitate,
989 390 1065 422 pru-

326 431 445 471 dentia,
470 443 506 465 ac
530 433 563 465 in
589 433 686 465 rebus
713 433 847 475 agendis
873 432 1064 465 dexteritate

325 490 358 518 et
381 485 580 528 experientia
598 486 771 529 plurimum
789 486 821 518 in
842 485 977 518 Domino
991 495 1065 517 con-

324 538 474 579 fidimus,
499 538 723 572 constituimus
745 543 777 571 et
801 539 1002 581 deputamus,
1030 543 1065 570 ut.

324 602 473 624 recursus
488 619 495 631 ‚
520 592 547 624 si
572 601 652 634 quos
677 603 694 624 a
719 591 884 634 quibusvis
909 590 1064 633 gravami-

325 644 419 676 nibus
440 655 498 687 per
519 644 671 676 dilectum
684 643 785 676 silium
803 642 944 676 nobilem
960 642 1063 675 virum

324 697 506 741 principem
521 697 691 730 Masserani
708 702 740 729 et
756 697 977 729 marchionem
995 696 1063 729 Cre-

324 751 440 784 vaeorii
465 751 529 783 sive
554 750 622 783 eius
648 750 770 782 iudices
795 749 968 793 praedictis
989 759 1063 782 eon-

324 803 470 843 sulibus,
498 802 691 836 consiliariis
717 807 748 835 et
772 802 972 842 hominibus,
997 807 1062 835 tam

323 857 370 888 uti
395 856 570 896 universis,
596 866 691 898 quam
720 856 766 888 uti
791 856 939 899 singulis,
964 855 1061 888 illatis

324 919 380 942 seu
398 909 584 949 inserendis
600 919 658 952 per
672 909 802 941 eosdem
815 909 973 947 consules,
987 919 1062 940 cou-

324 962 464 995 siliarios
490 967 522 995 et
546 962 695 994 homines
732 962 771 995 ad
796 972 855 994 nos
885 967 917 994 et
947 961 1061 994 Sedem

324 1015 523 1057 praedictam
540 1014 653 1047 haberi
672 1015 853 1057 contigerit,
873 1015 1061 1047 auctoritate

325 1073 442 1107 nostra,
469 1079 504 1100 ac
528 1068 574 1100 uti
596 1079 612 1100 a
633 1068 725 1100 uobis
743 1068 922 1111 deputatus,
941 1068 1061 1108 audias,

325 1127 357 1154 et
382 1122 458 1164 quid
484 1122 568 1154 circa
592 1121 664 1154 illos
690 1127 721 1153 et
745 1121 800 1154 illa
825 1122 867 1153 sit
887 1122 1059 1164 agendum,

325 1174 431 1207 eidem
467 1174 627 1217 principi,
659 1174 792 1217 eiusque
825 1174 985 1207 iudicibus
1013 1185 1083 1226 re-y

324 1227 494 1261 scribendo
520 1227 739 1270 praescribas,
774 1232 805 1259 et
837 1227 997 1269 quomodo
1024 1228 1062 1259 ab

324 1280 388 1313 illis
413 1280 657 1323 procedendum
682 1280 722 1311 sit
739 1280 877 1321 dirigas;
897 1281 929 1312 111
955 1280 1063 1312 arduis

323 1343 399 1367 vero
424 1333 579 1375 negotiis,
607 1343 689 1375 quac
714 1333 834 1365 bonum
861 1332 1007 1375 regimen
1032 1339 1063 1366 et

325 1390 441 1418 statum
475 1385 633 1418 dictorum
667 1386 810 1418 locorum
841 1392 1062 1425 concernunt,

325 1439 571 1472 informationes
596 1439 753 1482 suscipias
772 1444 803 1472 et
821 1440 859 1472 ad
885 1450 943 1472 nos
962 1445 1063 1472 trans-

324 1492 442 1532 mittas,
463 1497 498 1524 ut
523 1492 601 1535 quid
626 1492 727 1534 magis
754 1492 905 1535 expedire
931 1503 1064 1525 censue-

323 1545 434 1585 rimus,
453 1546 628 1578 decernere
655 1551 686 1577 01
710 1546 863 1578 mandare
884 1547 1061 1587 valeamus3

324 1599 519 1641 plenamque
539 1598 594 1630 tibi
621 1598 652 1630 iu
672 1599 858 1642 praemissis
885 1603 916 1630 et
935 1599 1061 1638 ceteris,

324 1661 406 1694 quae.
432 1651 518 1683 cirea
542 1651 596 1683 illa
621 1657 652 1684 et
677 1662 787 1684 eorum
812 1652 981 1685 occasione
1007 1653 1064 1685 du-

323 1704 408 1736 xeris
440 1704 623 1737 necessaria
660 1710 691 1737 et
725 1710 928 1748 opportuna,
956 1706 1064 1748 provi-

324 1756 421 1789 dendi
448 1762 544 1799 atque
570 1758 730 1790 statuendi
756 1763 787 1790 et
813 1758 985 1790 ordinandi
1010 1769 1064 1790 au-

324 1809 504 1841 ctoritatem
522 1811 727 1842 concedimus
746 1816 776 1843 et
797 1812 994 1853 delegamus.

368 1863 382 1905 g
407 1862 437 1894 2.
459 1863 644 1896 Mandantes
662 1869 832 1906 propterea
855 1865 1012 1897 moderno
1034 1872 1064 1897 et

324 1925 382 1958 pro
404 1921 549 1958 tempore
570 1916 717 1948 existenti
736 1916 872 1959 principi
891 1917 1063 1950 1111550131ιί

324 1974 355 2000 et
378 1968 558 2000 marchioni
576 1968 766 2008 Crevacorii,
786 1980 911 2002 necnon
938 1970 1064 2002 univer-

323 2022 365 2053 sis
382 2028 412 2053 et
428 2021 565 2063 singulis
585 2022 666 2061 aliis,
685 2023 743 2053 sub
766 2028 894 2055 nostrae
921 2023 1063 2065 indigna-

323 2075 419 2107 tionis
441 2075 576 2118 aliisque
604 2080 714 2108 nostro
737 2076 870 2108 arbitrio
887 2077 1007 2118 poenis,
1030 2082 1064 2108 ut

323 2128 379 2160 tibi
407 2128 438 2160 in
464 2129 649 2171 praemissis
675 2134 817 2171 pareant,
845 2135 875 2162 et
905 2129 1062 2172 quidquid

322 2181 525 2213 mandaveris
552 2188 763 2224 exequantur,
789 2193 849 2214 nec
873 2183 931 2214 sub
951 2183 1062 2225 quovis
1082 2195 1084 2223 3

1082 2227 1084 2244 ‘¹
1105 2238 1135 2264 et
1160 2242 1310 2274 expresse
1329 2232 1542 2273 derogamus‘,
1566 2230 1747 2273 ceterisque
1769 2240 1845 2262 con-

322 2239 492 2276 praetextu
519 2239 571 2265 aut
595 2235 740 2277 quaesito
766 2237 873 2268 colore
894 2236 942 2268 vel
969 2238 1062 2268 causa

323 2292 352 2319 te
379 2287 410 2318 in
436 2287 607 2329 praedictis
626 2288 765 2320 audeant
782 2285 831 2321 vel
855 2294 1062 2331 praesumant

322 2340 442 2373 directe
469 2343 518 2373 vcl
544 2341 698 2373 indirecte
734 2342 890 2385 impedire
916 2353 970 2374 seu
996 2354 1063 2375 1110-

321 2393 449 2432 lestare,
467 2394 523 2426 sed
537 2394 605 2426 11110
621 2394 676 2426 tibi
692 2394 724 2426 111
739 2395 886 2427 omnibus
904 2396 1061 2435 assistant,

321 2456 443 2489 suoque.
470 2446 620 2478 adiuvent
647 2447 778 2486 auxilio,

364 2495 379 2535 ,5
413 2495 444 2528 3.
484 2495 701 2528 Deccrn‹i=1ites
737 2496 862 2528 irritum
899 2503 926 2528 et
965 2497 1059 2530 inane

322 2548 477 2591 quidquid
510 2559 600 2580 secus
633 2559 729 2590 super
762 2550 811 2581 liis
837 2562 853 2581 a
879 2561 1057 2593 quoquam,

1109 220 1217 262 quavis
1229 220 1426 260 auctoritate,
1438 219 1575 252 scienter
1587 220 1636 252 vel
1646 219 1844 262 ignoranter,

1109 272 1283 314 contigerit
1307 272 1466 305 attentari.

1151 325 1165 368 g
1189 325 1221 358 4.
1248 325 1317 357 Non
1349 325 1556 358 obstantibus
1582 325 1784 368 praemissis,
1809 335 1845 358 ac

1108 377 1209 410 felicis
1233 378 1466 411 recordatiouis
1492 377 1645 410 Bonil'acii
1660 378 1763 421 Papae
1781 378 1844 410 Vlll

1107 430 1364 472 praedecessoris
1388 430 1491 463 nostri
1524 431 1563 463 de
1595 432 1673 469 una,
1708 435 1739 463 et
1769 441 1846 463 con-

1736 161 1800 196 499
1846 173 1896 198 An.
1913 171 1941 198 C.
1965 171 2030 200 1‘66

1923 339 1981 360 Gonu
1987 341 2037 360 ariis

1855 366 1950 392 derogat.

1106 483 1170 515 cilii
1196 483 1356 525 generalis
1381 484 1420 516 de
1442 484 1565 516 duabus
1592 484 1698 524 dietis,
1713 495 1749 517 ae
1774 485 1866 528 qui-.

1106 537 1214 569 busvis
1239 537 1310 570 aliis
1337 537 1624 569 constitutionibus
1654 543 1686 570 et
1714 539 1846 571 ordina-

1108 590 1251 622 tionibus
1277 590 1481 633 apostolicis,
1511 600 1662 629 necnon,
1685 596 1845 633 quatenus

1105 652 1188 685 opus
1213 642 1270 683 sit,
1299 641 1519 685 principatus,
1544 642 1783 675 marchionatus
1815 648 1846 676 ct

1106 695 1249 728 locorum
1276 694 1515 738 praedictorum
1548 700 1579 727 et
1608 695 1678 727 aliis
1712 696 1846 738 quibus-

1105 747 1204 788 libet,
1225 748 1323 780 etiam
1355 748 1541 780 iuramento
1557 774 1565 787 ,
1596 747 1845 781 confirmatione

1104 801 1299 844 apostolica,
1318 802 1369 833 vel
1394 801 1507 843 quavis
1532 800 1685 833 firmitate
1711 801 1773 833 alia
1793 812 1846 834 ro-

1104 855 1253 893 boratis,
1291 855 1421 886 statutis
1456 859 1489 887 et
1524 855 1843 894 consuetudinibus,

1105 908 1286 951 privilegiis
1313 918 1464 951 quoque,
1491 908 1627 940 indultis
1661 912 1693 940 et
1724 908 1844 940 litteris

1105 961 1306 1003 apostolicis,
1325 961 1382 993 sub
1400 960 1656 1003 quibuscumque
1670 960 1845 993 verborum

1106 1013 1273 1045 tenoribus
1298 1018 1330 1045 et
1355 1012 1483 1051 formis,
1516 1023 1551 1044 ac.
1582 1023 1653 1044 cum
1683 1012 1846 1055 quibusvis

1104 1066 1200 1099 ctiam
1225 1066 1505 1108 derogatoriarum
1520 1066 1743 1107 derogatoriis,
1760 1066 1846 1099 aliis-

1081 1122 1084 1128 '
1105 1130 1166 1162 que
1188 1119 1432 1159 efficacioribus,
1451 1119 1680 1151 efficacissimis
1704 1124 1736 1151 et
1759 1118 1846 1152 inso-

1105 1172 1168 1205 litis
1201 1171 1373 1211 clausulis,
1406 1182 1441 1204 ae
1477 1171 1677 1203 irritantibus
1710 1176 1741 1204 et
1775 1171 1846 1204 aliis

1105 1225 1261 1264 decretis,
1288 1225 1320 1257 111
1346 1235 1464 1266 genere
1496 1225 1545 1256 vel
1580 1224 1613 1256 111
1638 1225 1767 1267 specie,
1792 1230 1845 1257 aut

1105 1278 1183 1310 alias
1210 1278 1242 1309 111
1267 1277 1470 1310 contrarium
1488 1278 1748 1320 praemissorum
1767 1289 1847 1321 quo-

1105 1331 1289 1364 modolibet
1313 1331 1500 1370 concessis,
1521 1330 1730 1371 confirmatis,
1749 1336 1781 1363 et
1798 1332 1847 1363 111-

1105 1385 1258 1425 novatis3
1294 1385 1413 1428 quibus
1440 1384 1592 1417 omnibus
1626 1390 1659 1417 et
1692 1384 1844 1426 singulis,

1106 1438 1230 1471 etiamsi
1264 1449 1323 1481 pro
1358 1439 1488 1471 illorum
1513 1438 1684 1470 sufficienti
1710 1438 1847 1480 deroga-

1106 1492 1192 1524 tione
1219 1492 1257 1524 de
1284 1492 1348 1525 illis
1376 1502 1555 1534 eorumque
1581 1491 1655 1523 totis
1680 1490 1846 1523 tenoribus

1106 1545 1269 1588 specialis,
1306 1544 1480 1587 specifica,
1509 1554 1664 1586 expressa
1698 1548 1730 1576 et
1762 1543 1846 1576 indi-

1105 1599 1219 1637 vidua,
1247 1608 1283 1630 ac
1315 1598 1354 1629 de
1391 1597 1490 1629 verbo
1523 1597 1561 1629 ad
1593 1596 1750 1637 verbum,
1778 1606 1843 1629 non

1106 1658 1213 1685 autem
1246 1662 1305 1695 per
1339 1652 1502 1684 clausulas
1546 1651 1717 1692 generales
1760 1649 1845 1682 idem

1105 1706 1340 1748 importanffis,
1378 1705 1499 1737 mentio
1531 1714 1588 1736 seu
1621 1703 1753 1746 quaevis
1784 1703 1847 1736 alia

1107 1759 1273 1801 expressio
1291 1763 1344 1790 aut
1365 1757 1473 1800 aliqua
1491 1757 1552 1789 alia
1567 1756 1727 1799 exquisita
1747 1757 1846 1788 forma

1106 1812 1218 1844 adhoc
1232 1811 1390 1843 servanda
1401 1811 1494 1849 soret,
1510 1816 1638 1842 tenores
1651 1809 1846 1848 huiusmodi,

1106 1875 1141 1897 ac
1165 1865 1190 1896 si
1217 1865 1255 1897 de
1269 1864 1366 1897 verbo
1392 1864 1431 1895 ad
1456 1863 1590 1896 verbum
1612 1862 1696 1895 nihil
1714 1862 1844 1905 penitus

1106 1918 1226 1950 omisso
1258 1922 1290 1949 et
1320 1917 1421 1949 forma
1445 1916 1477 1948 in
1503 1916 1580 1955 11115,
1597 1915 1712 1947 tradita
1736 1916 1847 1948 obser-

1105 1971 1174 2000 vata
1210 1968 1323 2000 inserti
1363 1967 1494 2006 forent,
1529 1966 1754 2009 praesentibus
1786 1975 1846 2008 pro

1107 2023 1200 2064 plene
1220 2026 1250 2053 et
1267 2020 1464 2052 sufficienter
1488 2018 1646 2062 expressis
1664 2029 1699 2051 ae
1720 2019 1760 2051 ad
1777 2029 1848 2050 ver-

1106 2074 1180 2105 1111111
1206 2073 1335 2105 insertis
1362 2072 1526 2111 habentes,
1554 2071 1617 2103 illis
1643 2071 1722 2103 alias
1740 2071 1772 2118 in
1791 2081 1847 2103 suo

1107 2127 1222 2159 robore
1252 2125 1489 2169 permansuris,
1519 2126 1557 2157 ad
1594 2125 1847 2168 praemissorum

1105 2179 1264 2217 effectum,
1282 2179 1342 2211 hac
1366 2178 1435 2210 vice
1465 2178 1639 2216 dumtaxat,
1660 2177 1846 2220 specialiter

1106 2285 1213 2317 trariis
1238 2285 1509 2327 quilmscumque.

1149 2337 1261 2369 Datum
1287 2337 1417 2375 Romae,
1447 2336 1530 2379 apud
1561 2337 1591 2368 S.
1624 2335 1755 2368 Mariam
1781 2335 1843 2368 Ma-

1104 2391 1226 2429 iorem,
1265 2391 1323 2422 sub
1362 2390 1484 2422 annulo
1528 2389 1722 2428 piscatoris,
1750 2388 1801 2421 die
1828 2399 1846 2422 v

1104 2444 1215 2487 aprilis
1241 2453 1389 2481 unclixvi,
1416 2442 1624 2485 pontificatus
1656 2442 1760 2474 nostri
1787 2452 1843 2474 an-

1104 2507 1146 2528 110
1172 2507 1213 2529 xi.

1141 2558 1196 2585 Dat.
1218 2558 1261 2584 die
1282 2559 1297 2584 Ξ)
1318 2558 1411 2593 aprilis
1431 2558 1504 2586 ¹666.
1528 2557 1616 2592 pontis
1640 2565 1710 2584 anno
1727 2563 1761 2584 n.
