2247 3208
216 222 264 249 An.
281 221 310 249 c.
331 222 400 250 1669
446 214 510 247 8020

241 598 331 619 Deci-ata
351 598 397 618 Ale-

215 627 287 645 xandri
298 625 333 644 Vll
345 625 397 645 resa-

214 656 295 672 ruutur.

410 284 445 305 ac
471 278 653 315 opportune
680 272 892 308 extendimus,
917 272 996 303 sicut
1018 272 1056 304 ad
1082 282 1148 304 om-

409 324 585 368 nipotentis
610 324 664 356 Dei
691 324 836 366 gloriam,
856 324 1018 356 Ecclesiae
1044 323 1147 356 hono-

410 389 487 417 rem,
514 377 781 419 spiritualemque
804 377 991 408 eorumdem
1017 376 1147 408 christi-

408 429 551 461 fidelium
569 429 827 462 aedificationem
844 434 876 461 et
888 429 1145 461 consolationem

408 482 581 514 salubriter
618 482 770 525 expedire
793 482 826 514 in
850 481 986 515 Domino
1011 481 1146 514 arbitra-

409 545 491 567 mur.

453 587 522 629 51.
550 588 675 620 Dudum
711 586 868 630 siquidem
905 591 1097 619 emanarunt
1128 598 1145 619 a

409 640 510 672 felicis
528 639 760 673 recordationis
785 640 967 672 Alexandro
993 639 1079 682 Papa
1095 638 1144 671 Vll

408 692 660 735 praedecessore
693 696 805 724 nostro
838 692 965 724 litterae
991 692 1024 723 in
1049 691 1144 723 simili

409 745 508 777 forma
533 745 641 777 Brevis
668 744 790 778 tenoris
819 744 873 787 qui
898 744 1066 787 sequitur,
1101 743 1146 775 vi-

409 797 542 829 delicet:

451 850 638 883 Aleoeunder
670 849 765 892 Papa
801 849 866 882 VII
876 877 884 889 ,
922 850 963 882 acl
996 851 1144 892 futuram

406 903 454 934 rei
479 903 677 935 memoriam.
701 903 913 936 'Sacrosancti
946 904 1145 946 apostolatus

408 955 528 995 officii,
556 966 619 999 quo
646 956 752 988 divina
777 956 969 999 disponente
1003 956 1145 988 clemen-

408 1008 451 1041 tia
476 1008 655 1041 catholicae
688 1008 851 1040 Ecclesiae
880 1008 1052 1050 regimini,
1080 1017 1144 1039 me-

407 1061 475 1094 ritis
498 1061 574 1095 licet
602 1062 793 1105 imparibus,
820 1061 1060 1105 praesidemus,
1081 1061 1146 1093 sol-

407 1115 543 1148 licitudo
568 1126 627 1148 nos
650 1120 769 1153 monet,
796 1120 831 1146 ut
854 1115 950 1147 noxia
976 1124 1146 1157 quaecum-

409 1178 470 1211 que
496 1178 513 1200 a
538 1167 702 1201 dominico
729 1178 843 1210 grege,
870 1171 1026 1210 quantum
1052 1166 1145 1199 nobis

408 1231 444 1253 ex
459 1221 522 1253 alto
539 1220 736 1260 conceditur,
756 1230 923 1253 removere
945 1220 1143 1252 studeamus.

407 1273 488 1312 Cum,
506 1273 614 1316 itaque
632 1274 671 1306 ad
689 1283 784 1305 aures
804 1278 929 1306 nostras
956 1272 1146 1305 devenerint

409 1326 633 1369 querimoniae
652 1326 913 1359 christifidelium
932 1325 1026 1365 Goae,
1048 1330 1144 1368 atque

408 1379 441 1411 in
466 1379 686 1412 adiacentibus
720 1379 832 1411 insulis
871 1379 1078 1421 degentium,
1107 1378 1145 1410 de

408 1432 572 1464 nonnullis
592 1431 745 1464 abusibus
771 1431 1072 1470 ecclesiasticorum,
1092 1441 1146 1463 eo-

409 1495 479 1517 rum
497 1485 673 1527 praecipue
692 1495 792 1527 penes
810 1495 888 1527 quos
902 1484 1048 1527 ipsorum
1067 1483 1146 1515 chri-

409 1537 596 1570 stifidelium
621 1537 787 1579 spirituale
822 1537 969 1578 regimen
1000 1546 1036 1568 ac
1072 1546 1146 1568 cura

409 1590 550 1623 residet:
578 1600 652 1630 nos,
679 1589 854 1632 praedictis
879 1589 1044 1628 abusibus,
1069 1600 1146 1631 qua·

409 1648 502 1675 tenus
527 1642 734 1685 irrepserint,
762 1641 982 1685 quantocitius·
1008 1641 1145 1681 occurri,

409 1700 464 1727 aut
487 1696 602 1728 saltem
627 1694 812 1738 praecaveri
842 1705 882 1726 ne
908 1693 955 1726 illi
981 1693 1013 1725 in
1038 1699 1147 1736 poste-

409 1759 480 1780 rum
504 1748 703 1789 contingant,
726 1749 882 1785 volenteS,
909 1747 947 1779 de
973 1747 1147 1779 nonnullo-

410 1810 481 1833 rum
516 1800 750 1833 vcnerabilium
792 1800 923 1832 fratrum
960 1805 1147 1831 nostrorum

411 1858 540 1886 sanctae
566 1853 729 1885 Romanae
754 1852 914 1885 Ecclesiae
937 1851 1147 1884 cardinalium

411 1917 448 1938 ex
474 1906 725 1948 congregatione
750 1905 882 1947 negotio
914 1905 1146 1947 Propagandae

411 1959 501 1991 Fidei
519 1959 708 2002 praeposita,
726 1958 843 2001 quibus
859 1957 1077 2000 querimonias
1095 1957 1147 1989 hu-

412 2012 550 2044 iusmodi
565 2011 781 2044 discutiendas
795 2010 985 2049 remisimus,
1001 2009 1147 2049 consilio,

412 2064 591 2107 apostolica
616 2063 825 2102 auctoritate,
855 2069 964 2095 tenore
998 2072 1149 2105 praesen-

414 2118 502 2158 tium,
522 2117 704 2156 statuimus,
725 2116 942 2159 praecipimus
964 2122 995 2148 ct
1018 2115 1151 2148 manda-

413 2180 494 2210 mus,
518 2170 640 2209 sedulo,
663 2169 892 2201 inviolabiliter
910 2173 942 2201 et
959 2173 1067 2200 exacte
1086 2178 1150 2199 ser-

414 2223 480 2254 vari
514 2224 553 2255 ab
583 2222 734 2254 omnibus
761 2226 793 2253 et
818 2221 952 2263 singulis
969 2248 976 2260 ,
1003 2221 1041 2253 ad
1068 2230 1148 2263 quos

414 2280 540 2318 spectat
556 2280 587 2307 et
603 2275 636 2306 in
653 2280 821 2317 posterum
839 2273 1004 2317 spectabit,
1021 2273 1150 2305 decreta

414 2327 630 2370 infrascripta,
655 2327 805 2360 videlicet.
825 2338 832 2359 1

459 2391 481 2414 1.
509 2380 643 2413 Cavcant
667 2380 827 2423 parochi,
855 2385 908 2412 aut
942 2379 1149 2412 ecclesiastici

416 2433 629 2477 quicumque,
656 2433 719 2465 sive
747 2433 909 2465 seculares
934 2432 998 2464 sive
1025 2433 1151 2474 regula-

415 2497 479 2526 res,
504 2497 543 2518 ne
568 2486 601 2518 in
626 2492 791 2529 posterum
816 2487 881 2518 ullo
915 2491 1010 2528 pacto
1036 2490 1151 2528 cogant

415 2550 576 2584 pauperes
602 2539 640 2570 ad
667 2549 781 2581 operas
797 2549 852 2570 seu
867 2539 1012 2570 lahorem
1031 2539 1152 2580 impen-

417 2593 559 2626 dendum
583 2602 643 2635 pro
669 2591 734 2623 suis
761 2591 919 2631 ecclesiis,
946 2601 1011 2622 uon
1042 2600 1153 2633 perso-

990 224 1170 249 m'LLAmUM
1193 226 1345 249 Romanu
1927 225 1978 252 An.
1999 224 2030 252 C.
2047 224 2115 253 1669

1188 273 1253 305 luta
1278 273 1360 305 iusta
1385 273 1543 313 mercede,
1563 274 1622 306 nisi
1643 274 1673 308 id
1698 279 1812 318 sponte
1834 278 1866 307 et
1885 285 1922 307 ex

1188 324 1306 368 pietate
1344 330 1508 368 praestare
1544 327 1722 360 voluerint:
1758 328 1922 370 multoque

1188 377 1294 409 minus
1315 378 1521 410 audeanteos
1547 379 1714 419 mulctare,
1736 379 1789 422 qui
1807 390 1924 413 renue-

1189 429 1264 462 rint.

1231 493 1266 516 11.
1294 483 1371 516 Cum
1390 483 1439 523 iis,
1457 483 1510 526 qui
1528 493 1630 523 sacro,
1658 488 1719 516 etc.
1746 484 1921 527 (omittitur

1187 535 1350 567 residuum
1380 535 1548 569 Constitui.
1584 545 1714 569 ctxxxw
1747 537 1810 579 (al.
1837 536 1922 580 185)

1186 588 1372 620 Alexandri
1393 587 1465 627 VII,
1493 588 1549 620 sub
1574 587 1687 620 datum
1708 599 1783 622 xvnr
1808 589 1924 622 ianua-

1187 641 1231 672 rii
1255 650 1408 679 MDCLVHt,
1435 651 1517 683 quae
1542 645 1586 673 est
1605 640 1643 673 in
1669 645 1743 673 tom.
1769 651 1844 682 xvi,
1867 652 1924 685 pa-

1187 693 1267 735 qz'ua
1291 693 1382 735 3⁶26).

1231 746 1246 788 ἓ
1270 745 1301 778 ⁶2.
1320 746 1358 778 Et
1382 747 1517 779 subinde
1539 747 1748 789 congregatio
1767 752 1841 780 tunc
1859 747 1925 780 exi-
1974 756 2065 777 Decreta
2083 763 2116 777 sa·

1188 799 1340 831 stentium
1366 798 1397 831 S.
1418 799 1455 831 R.
1475 799 1509 840 E.
1537 799 1756 840 cardinalium,
1782 800 1923 843 negotiis
1934 789 2117 839 itroifiscffl‘ffiffgss

1188 850 1418 893 Propagandae
1436 852 1526 885 Fidei
1551 852 1745 896 praeposita,
1764 854 1826 886 alia
1847 835 2033 886 ῐιοη-ΜωῃᾴἈ
2048 834 2108 856 m*

1188 904 1277 936 nulla
1297 905 1426 937 decreta
1444 905 1493 938 die
1515 916 1577 939 xxii
1603 906 1670 939 iulii
1696 916 1840 940 MDCLVlll
1859 907 1925 940 edi-

1189 956 1235 988 dit
1265 957 1386 989 tenoris
1419 958 1602 1000 sequentis,
1628 958 1797 991 videlicet:

1237 1022 1250 1040 «
1277 1010 1322 1042 Ad
1347 1011 1461 1043 melius
1487 1017 1520 1043 et
1544 1011 1667 1044 facilius
1688 1012 1923 1044 occurrendum

1188 1063 1435 1095 necessitatibus
1472 1063 1692 1106 spiritualibus
1732 1063 1924 1096 christifide-

1188 1114 1266 1147 lium
1297 1115 1327 1147 in
1360 1115 1457 1148 Indiis
1491 1115 1707 1149 Orientalibus
1738 1115 1925 1158 degentium

1188 1169 1515 1211 sacraoecongregatio
1547 1169 1586 1202 de
1612 1169 1823 1212 Propaganda
1847 1168 1925 1201 Fide

1188 1220 1329 1253 decrevit
1345 1232 1352 1253 z

1232 1283 1254 1306 1.
1281 1273 1320 1305 Ut
1343 1273 1478 1316 parochi
1511 1284 1577 1306 non
1602 1274 1765 1306 naturales
1796 1273 1925 1306 illarum

1188 1326 1345 1369 partium,
1372 1326 1437 1359 sive
1464 1328 1629 1368 regulares
1660 1326 1726 1358 sive
1760 1326 1924 1358 seculares

1188 1378 1259 1419 sint,
1287 1383 1457 1410 teneantur
1481 1379 1613 1411 omniuo
1632 1378 1752 1410 habere
1779 1378 1864 1420 apud
1890 1388 1923 1409 se

1188 1432 1414 1474 cappellanum
1440 1431 1598 1463 natalibus
1617 1436 1649 1463 ct
1672 1431 1797 1472 origine
1812 1430 1925 1462 Indum

1189 1494 1245 1526 pro
1270 1484 1529 1516 confessionibus
1554 1483 1725 1516 audiendis
1754 1487 1785 1515 et
1811 1482 1923 1515 diebus

1189 1537 1279 1569 festis
1304 1536 1542 1569 hortationibus
1567 1536 1606 1568 ad
1634 1536 1791 1579 populum
1815 1535 1925 1576 lingua

1188 1590 1359 1622 vernacula
1382 1589 1552 1628 habendis,
1571 1599 1621 1627 ne,
1643 1587 1698 1620 tali
1725 1587 1844 1619 auxilio
1870 1587 1926 1619 de-

1189 1642 1297 1681 stituti,
1317 1642 1349 1673 in
1372 1644 1409 1674 ea
1427 1652 1490 1684 qua
1509 1640 1627 1673 initiati
1646 1645 1721 1673 sunt
1745 1640 1927 1673 orthodoxa

1189 1694 1251 1726 fide
1278 1695 1454 1736 langueant
1487 1704 1521 1725 ac
1556 1693 1710 1736 paulatim
1748 1691 1924 1730 deficiant,

1189 1747 1294 1789 iisque
1319 1756 1377 1789 pro
1404 1745 1642 1778 sustentatione
1667 1750 1699 1778 et
1722 1745 1846 1784 labore,
1870 1743 1927 1776 ubi

1190 1800 1328 1843 populus
1353 1799 1420 1841 ipse
1438 1799 1470 1830 id
1489 1803 1604 1841 sponte
1629 1808 1695 1830 non
1717 1796 1926 1840 praestiterit,

1190 1862 1369 1894 congruum
1393 1851 1604 1894 suppeditent
1627 1850 1836 1893 stipendium.

1235 1916 1269 1938 11.
1296 1903 1463 1946 Praecepit
1486 1903 1603 1936 iisdem
1634 1902 1784 1945 parochis
1799 1901 1818 1941 ¹,
1843 1905 1928 1933 cete-

1189 1959 1298 2001 risque
1313 1967 1587 2000 quarumci.1n1‹.1ue
1603 1956 1815 1988 ecclesiarum
1831 1964 1928 1997 supe-

1191 2010 1341 2048 rioribus,
1359 2015 1394 2041 ut
1411 2010 1529 2042 nedum
1556 2009 1743 2041 sacerdotes
1759 2007 1927 2049 indigenas

1191 2064 1224 2095 in
1239 2074 1349 2095 eorum
1363 2062 1506 2095 ecclesiis
1521 2063 1687 2095 celebrare
1699 2063 1845 2094 volentes
1861 2070 1928 2092 non

1192 2121 1333 2155 arceant,
1359 2126 1472 2147 verum
1498 2115 1592 2147 etiam
1618 2113 1848 2158 perurbaniter
1879 2123 1928 2145 ex-

1193 2169 1323 2212 cipiant,
1343 2178 1405 2211 quo
1427 2168 1626 2210 frequentius
1645 2167 1722 2199 iilue
1738 2166 1873 2198 redeant
1889 2165 1928 2197 ad

1192 2219 1407 2262 omnipotenti
1427 2219 1491 2252 Deo
1510 2219 1754 2258 immolandum,
1775 2217 1930 2250 sentiant-

1193 2284 1252 2316 que
1278 2273 1486 2305 christianam
1518 2272 1707 2304 charitatem
1736 2280 1849 2303 omnes
1879 2279 1930 2302 ae-

1193 2326 1262 2370 quis
1288 2324 1401 2358 ol'ficiis
1427 2324 1613 2367 amplexari.

1237 2389 1285 2411 111.
1313 2377 1352 2410 Ut
1376 2387 1452 2410 vero
1470 2377 1550 2409 sides
1567 2377 1674 2409 adhuc
1698 2375 1731 2408 in
1755 2375 1794 2408 iis
1820 2375 1929 2417 regio-

1194 2431 1286 2463 nibus
1301 2431 1481 2474 pubescens
1493 2429 1672 2462 litterarum
1690 2428 1844 2461 alimento
1858 2438 1929 2460 coa-

1193 2485 1303 2523 lescat,
1325 2488 1355 2515 et
1380 2483 1470 2526 pueri
1491 2482 1666 2515 reddantur
1683 2481 1790 2514 idonei
1816 2481 1855 2513 ad
1875 2490 1927 2513 res

1195 2535 1427 2569 ecclesiasticas
1460 2535 1706 2578 percipiendas,
1737 2534 1850 2566 iisdem
1875 2543 1930 2576 pa-

1230 2599 1239 2623 1
1259 2597 1329 2624 Edit.
1347 2597 1426 2623 Maio.
1446 2598 1508 2632 legit
1520 2597 1667 2632 parochiis
1682 2597 1721 2631 (n.
1735 2596 1781 2629 T.).
