2247 3208
72 249 118 275 An.
140 248 167 275 C.
186 248 252 276 11‘62

108 520 177 546 Stytuz
197 520 251 541 htts-

69 551 137 567 rArutn
179 549 250 573 patrm

69 575 126 594 tium.

109 1897 186 1917 Missae
215 1901 252 1921 pro

70 1923 169 1943 stau-»bue
181 1923 254 1943 desun-

70 1952 110 1969 ους
142 1950 253 1970 celi-bran-

70 1975 110 1996 dae
122 1976 184 1996 etiam
195 1982 254 1996 novi-

849 245 1036 270 ALEXANDER
1061 247 1102 270 x'tl
1128 247 1176 270 PP.

267 296 306 331 de
339 301 449 330 cetero
486 296 518 329 in
557 295 707 339 capitulis
746 294 1001 339 provincialibus

266 350 454 395 provinciae
469 349 651 391 Aragoniae
671 349 811 391 eligatur
828 348 867 381 ad
893 349 999 380 minus

265 413 350 435 unus
369 413 405 435 ex
427 402 575 446 patribus
596 402 797 446 principatus
815 401 1000 434 Cataloniae
1017 418 1019 423 ›

265 455 298 489 in
324 454 531 488 definitorem
557 455 805 498 provincialem.

310 520 350 543 ix.
371 508 449 541 ltem
470 509 611 541 decrevit
627 509 830 552 praedictum
845 507 999 549 generale
1016 522 1017 530 1

264 561 500 601 definitorium,
523 562 562 594 ad
583 566 778 604 perpetuam
804 559 851 592 rei
876 569 1000 591 memo-

265 614 368 654 riam,
397 615 484 657 quod
510 619 574 646 tani
610 611 907 645 reverendissimus
933 622 1000 644 ma-

265 668 367 710 gister
402 666 585 710 generalis,
621 676 718 709 quam
754 663 996 708 provincialeS,

264 721 560 759 commendatores,
582 724 614 751 et
639 718 748 751 vicarii
775 718 947 761 generales
964 717 997 749 in

264 773 327 808 sine
354 782 636 818 quarumcumque
667 772 853 805 litterarum
884 775 999 814 paten-

264 829 343 861 tium
365 832 396 860 et
417 827 554 860 aliarum
573 824 842 858 testimonialium
860 823 999 868 scriptu-

264 891 387 920 rarum,
410 879 663 923 professionum,
686 882 762 918 etcq
782 878 845 912 hoc
866 882 998 910 utantur

264 935 356 977 st510,
387 938 432 973 ut,
457 937 533 976 post
556 935 765 965 numeratum
788 929 917 962 Domini
942 939 999 962 an-

264 998 351 1027 num,
367 987 518 1020 similiter
544 985 688 1018 scribere
715 984 856 1017 debeant
879 993 998 1016 annum

265 1040 464 1074 fundationis
479 1039 621 1078 Ordinis,
637 1038 688 1071 his
705 1037 812 1070 verbis
829 1048 836 1069 2
865 1049 877 1068 α
895 1048 911 1069 a
929 1037 999 1069 sun-

266 1095 396 1128 datione
422 1092 525 1126 nostri
551 1091 689 1131 Ordinis,
715 1101 800 1124 anno
824 1090 860 1123 N.
878 1102 908 1123 1».

309 1158 338 1181 x.
365 1147 443 1179 Item
468 1146 674 1189 praedictum
706 1145 859 1188 generale
886 1143 999 1177 desini-

207 1189 388 1234 t’ff'torium
425 1200 568 1233 decrevit
603 1199 691 1242 quod
724 1198 756 1230 in
789 1198 838 1230 die
873 1197 998 1230 sabbati

268 1253 498 1295 cuiuscumque
514 1251 750 1290 hebdomadae,
762 1256 835 1294 post
849 1250 998 1290 Primam,

267 1306 447 1339 secundum
474 1304 640 1348 antiquam
666 1304 835 1346 religionis
861 1313 999 1336 consue-

266 1359 425 1397 tudinem,
443 1357 675 1391 inviolabiliter
693 1357 880 1390 celebretur
900 1357 998 1389 missa

267 1412 306 1446 de
332 1412 366 1444 B.
394 1411 523 1453 Virgine
549 1411 581 1444 in
606 1410 758 1443 omnibus
783 1410 998 1443 conventibus

266 1464 366 1498 totius
399 1463 526 1497 Ordinis
559 1464 649 1496 iuxta
680 1464 779 1497 ritum
809 1473 997 1505 roman-um,

266 1518 316 1550 cui
341 1517 494 1550 intersint
518 1527 631 1550 omnes
651 1515 798 1559 religiosi
816 1515 1000 1549 cuiuscum-

266 1581 329 1615 que
366 1571 486 1614 gradus
522 1575 578 1603 aut
613 1570 778 1614 qualitatis
812 1570 997 1609 extiterint,

265 1625 542 1658 reverendissimo
574 1624 731 1666 magistro
764 1623 909 1666 generali
934 1633 999 1656 non

266 1684 415 1722 excepto.
435 1678 592 1711 Similiter
610 1678 723 1710 eadem
739 1677 802 1718 die,
822 1682 897 1720 post
913 1688 1000 1710 com-

265 1731 460 1774 pletorium,
488 1732 527 1765 ad
552 1730 750 1764 cantandum
786 1731 999 1774 antiphonam

266 1783 360 1816 Salve
384 1784 417 1816 in
441 1785 590 1828 cappella
611 1783 726 1816 maiori
745 1783 902 1817 ecclesiae
923 1794 1001 1817 con-

270 1836 410 1870 veniant.

311 1901 353 1923 x1.
380 1890 460 1923 Item
490 1889 636 1923 decrevit
668 1890 754 1933 quod
788 1891 902 1924 eadem
936 1890 1002 1923 sus-

270 1943 380 1986 fragia,
400 1954 482 1986 quae
501 1953 562 1987 pro
588 1943 735 1987 quolibet
751 1943 908 1986 religioso
926 1954 1002 1987 pro-

268 1997 355 2031 fesso
382 1998 563 2030 decedente
585 1998 794 2030 celebrantur
822 2008 857 2030 ac
882 1997 1003 2029 debent

269 2050 450 2090 celebrari,
485 2050 598 2083 eadem
633 2051 730 2082 etiam
754 2060 815 2094 pro
847 2050 1002 2093 religioso

268 2102 390 2135 novitio
421 2103 576 2136 defuncto
609 2103 838 2135 celebrentur:
873 2114 1003 2135 rursus-

269 2155 354 2199 que¹
379 2156 627 2188 commendator
652 2156 776 2197 domus,
803 2156 857 2188 ubi
883 2156 1002 2199 aliquis

268 2208 444 2251 religiosus
478 2214 541 2241 tam
577 2209 746 2252 professus
784 2220 880 2252 quam
913 2209 1004 2242 novi-

268 2261 333 2294 tius
359 2261 486 2301 obierit,
507 2262 749 2305 quamprimum
774 2262 907 2306 poterit,
934 2273 1004 2295 cer-

269 2313 370 2347 tiores
406 2314 502 2348 saciat
537 2320 602 2347 tam
638 2315 871 2358 provincialem
909 2326 1004 2359 quam

270 2367 555 2400 commendatores
574 2368 660 2401 illius
679 2369 865 2411 provinciae
885 2369 924 2402 de
943 2370 1006 2402 sra-

270 2420 328 2453 tris
345 2426 459 2461 morte,
479 2420 610 2453 nomine
629 2426 661 2453 et
678 2421 797 2463 officio,
816 2427 852 2454 ut
871 2433 931 2465 pro
949 2422 1005 2455 illo

269 2473 476 2517 supraposita
513 2473 667 2516 suffragia
701 2473 804 2514 fiant,
838 2480 1006 2507 tenentur-

270 2536 333 2569 que
359 2527 643 2560 commendatores
681 2537 739 2560 seu
762 2528 900 2571 praelati
930 2538 1007 2560 con-

306 2597 318 2622 1
336 2595 444 2623 Videtur
459 2597 553 2624 deesse
564 2597 694 2632 particula
711 2599 796 2632 quod,
810 2598 849 2625 vel
864 2598 1006 2633 legendum

269 2647 371 2668 rursus
387 2641 462 2676 quod
476 2642 516 2676 (R.
534 2642 582 2677 T.).

1035 299 1189 327 ventuum
1207 304 1326 327 nomen
1341 295 1484 328 defuncti
1501 296 1609 329 fratris
1624 297 1769 331 scribere

1035 347 1067 379 in
1093 347 1212 381 tabella
1237 349 1276 381 ad
1311 349 1400 382 hune
1433 349 1582 383 effectum
1607 351 1640 383 in
1665 351 1769 385 choro

1034 399 1083 431 vel
1096 399 1128 432 in
1147 399 1295 433 sacristia
1313 401 1484 442 destinata,
1501 407 1533 435 et
1554 403 1650 437 solito
1670 403 1770 437 trien-

1034 452 1088 485 nio
1115 452 1288 486 retinenda
1312 459 1345 486 et
1369 457 1569 494 renovanda,
1593 468 1689 500 quam
1715 459 1771 491 de-

1032 506 1132 538 beant
1156 507 1341 540 visitatores
1367 508 1399 540 in
1425 508 1491 541 suis
1528 509 1768 544 visitationibus

1034 560 1149 594 sedulo
1175 561 1377 601 examinare,
1408 566 1441 594 ot
1466 572 1505 594 an
1532 562 1683 606 suffragia
1707 575 1767 608 pro

1033 613 1196 646 defunctis
1222 614 1287 646 sint
1311 614 1439 658 integre
1465 616 1647 659 persoluta.
1675 616 1769 649 Simi-

1032 666 1193 710 literque,
1221 667 1330 700 audita
1354 677 1459 700 morte
1486 668 1684 701 sanctissimi
1711 670 1768 702 do-

1033 720 1156 753 domini
1182 721 1285 754 nostri
1311 722 1434 764 Papae,
1463 722 1496 754 in
1524 721 1660 764 singulis
1692 733 1768 755 con-

1031 773 1183 806 ventibus
1208 773 1310 807 nostri
1340 773 1470 807 Ordinis
1504 776 1668 809 solemnes
1694 785 1768 807 exe-

1032 826 1127 870 quiae
1152 837 1213 870 pro
1238 826 1310 870 ipso
1328 826 1416 868 fiant,
1436 827 1589 872 idemque
1610 838 1670 871 pro
1689 829 1768 861 emi-

1032 880 1228 913 nentissimo
1254 881 1410 914 cardinali
1440 886 1572 914 nostrae
1598 882 1767 925 religionis

1031 938 1241 976 protectore,
1269 939 1301 966 et
1324 944 1385 977 pro
1417 940 1495 977 rege
1523 939 1555 967 et
1579 935 1693 978 regina
1717 946 1769 968 ca-

1033 986 1187 1026 tholicis,
1214 987 1314 1020 totius
1353 986 1521 1030 religionis
1558 987 1704 1031 patronis
1737 993 1769 1020 et

1033 1040 1274 1079 fundatoribus,
1287 1039 1353 1073 fiat.
1365 1039 1516 1078 Qualibet
1529 1040 1610 1074 seria
1625 1041 1767 1074 secunda

1034 1092 1197 1136 (tempore
1212 1092 1358 1126 Paschali
1374 1094 1524 1136 excepto)
1537 1098 1612 1137 post
1625 1093 1767 1127 Primam

1033 1151 1180 1178 cantetur
1197 1147 1297 1179 missa
1315 1147 1505 1190 quotidiana
1525 1147 1766 1187 defunctorum,

1034 1210 1097 1243 qua
1121 1198 1223 1239 finita,
1243 1199 1298 1232 fiat
1317 1200 1486 1244 processio
1507 1200 1688 1233 secundum
1713 1211 1769 1233 an-

1035 1252 1157 1296 tiquam
1178 1253 1450 1285 consuetudinem
1469 1254 1661 1296 religionis:
1680 1254 1768 1297 quod

1034 1306 1060 1338 si
1086 1305 1171 1338 dicta
1195 1305 1276 1338 seria
1301 1307 1444 1339 secunda
1473 1306 1582 1349 aliquo
1608 1306 1691 1340 festo
1717 1316 1769 1339 so-

1034 1358 1134 1391 lemni
1160 1358 1316 1402 impedita
1338 1359 1445 1399 suerit,
1464 1359 1497 1391 in
1518 1359 1650 1393 tertiam
1667 1360 1718 1392 vel
1736 1359 1769 1392 in

1034 1417 1183 1455 quartam
1210 1412 1324 1446 seriam
1347 1413 1573 1453 transferatur,
1592 1418 1628 1446 ut
1643 1413 1677 1446 in
1698 1423 1769 1446 cae-

1034 1466 1205 1499 remoniali
1231 1466 1335 1499 nostri
1360 1466 1489 1499 Ordinis
1515 1472 1660 1500 notatur.

1076 1529 1132 1552 xu.
1159 1520 1251 1560 Item,
1272 1530 1343 1552 cum
1363 1530 1399 1552 ex
1418 1519 1539 1553 nostris
1566 1519 1769 1553 constitutio-

1034 1572 1128 1605 nibus
1155 1573 1300 1616 quotidie
1326 1573 1375 1606 bis
1399 1574 1587 1607 mentaliter
1607 1583 1701 1606 orare
1723 1578 1770 1605 te-

1034 1636 1190 1666 neamur,
1218 1626 1363 1659 decrevit
1385 1627 1590 1670 praedictum
1615 1626 1769 1669 generale

1035 1679 1255 1713 definitorium
1294 1686 1423 1724 tempus
1463 1681 1589 1724 primae
1630 1680 1770 1714 orationi

1036 1738 1103 1766 toto
1121 1734 1196 1766 anni
1219 1739 1366 1777 tempore
1387 1733 1555 1767 dimidiam
1576 1734 1692 1766 saltem
1711 1733 1772 1766 ho·

1035 1796 1105 1818 ram
1136 1787 1359 1820 immediatam
1388 1792 1461 1820 ante
1495 1787 1636 1819 Primam
1665 1787 1768 1820 desti-

1035 1850 1126 1880 nare,
1154 1841 1265 1873 taliter
1290 1841 1378 1884 quod
1402 1840 1509 1884 primo
1534 1850 1630 1873 mane
1656 1850 1771 1873 omnes

1037 1893 1155 1925 fratres
1169 1893 1202 1925 in
1217 1894 1319 1926 choro
1334 1894 1538 1933 conveniant,
1554 1893 1620 1932 ubi,
1633 1894 1770 1936 genibus

1036 1945 1138 1985 ssexis,
1154 1946 1304 1979 invocato
1322 1946 1443 1990 Spiritu
1457 1946 1574 1979 Sancto
1592 1947 1772 1990 antiphona

1041 1998 1130 2038 l'em',
1150 1999 1265 2032 Sancte
1282 1999 1436 2042 Spiritus,
1453 1999 1540 2042 reple
1557 2003 1686 2032 tuorum
1704 2010 1772 2032 cor-

1036 2052 1078 2084 da
1101 2052 1260 2094 fidetium,
1289 2057 1318 2085 ct
1336 2053 1384 2086 lui
1400 2053 1521 2085 ancoris
1541 2054 1576 2085 in
1594 2054 1639 2086 eis
1664 2053 1773 2096 iqnem

1037 2105 1178 2145 accende,
1200 2105 1353 2138 dicatur⁴z
1372 2106 1438 2139 Sub
1461 2110 1549 2138 tuum
1573 2106 1774 2150 praesidium

1036 2159 1255 2202 confugimus,
1289 2163 1401 2191 sancta
1430 2159 1491 2192 Dei
1522 2159 1691 2200 Genitrioe,
1719 2171 1774 2193 no-

1036 2216 1119 2244 stras
1136 2212 1372 2255 deprecationes
1390 2223 1428 2245 ne
1444 2212 1601 2256 despicias
1618 2213 1650 2245 in
1670 2223 1774 2245 neces-

1037 2265 1189 2298 sitatibus
1210 2266 1338 2305 nostris,
1355 2265 1408 2298 sed
1428 2276 1448 2298 α
1470 2265 1626 2309 periculis
1652 2266 1775 2299 cunctis

1040 2319 1142 2351 libera
1166 2328 1222 2350 nos
1244 2328 1376 2362 semper,
1402 2318 1497 2361 Viryo
1518 2319 1660 2361 yloriosa
1680 2323 1707 2351 el
1725 2319 1775 2352 be-

1040 2372 1175 2404 nedicta.
1202 2371 1221 2412 μὴ
1245 2371 1365 2404 Emitte
1389 2371 1551 2414 Spiritum
1577 2376 1682 2412 tuum,
1709 2377 1772 2405 etc.

1042 2424 1107 2458 Ora
1120 2435 1179 2467 pro
1196 2424 1296 2464 nobis,
1316 2428 1429 2457 sancta
1444 2424 1504 2457 Dei
1526 2424 1688 2466 Genitrioe,
1710 2430 1773 2458 etc.

1040 2478 1150 2510 Salvos
1174 2478 1225 2520 sac
1249 2487 1352 2509 servos
1378 2481 1458 2517 tuos,
1486 2483 1546 2510 ete.
1573 2477 1720 2518 Domine,
1738 2488 1772 2510 e-

1039 2530 1153 2570 oeaucli,
1172 2536 1231 2562 etc.
1252 2530 1408 2562 Dominus
1422 2530 1594 2570 vobiscum,
1616 2536 1679 2563 etc.
1701 2529 1777 2564 Ore-

1078 2603 1085 2626 1
1110 2600 1226 2626 Verbum
1244 2601 1360 2628 dicatur
1374 2609 1423 2628 nos
1439 2600 1563 2627 addimus
1584 2601 1615 2627 ad
1637 2604 1774 2636 syntaxem

1039 2643 1235 2679 adimplendam
1251 2646 1289 2679 (n.
1305 2645 1354 2679 aa).

1698 239 1739 273 87
1786 250 1834 275 An.
1856 249 1883 275 c.
1901 250 1967 277 1662

1810 631 1832 650 Et
1849 636 1886 657 pro
1901 631 1964 656 rapa,

1782 658 1885 677 cardinal·
1897 662 1965 682 proie-

1782 686 1852 707 cture,
1868 690 1916 708 reue
1933 690 1965 703 re»

1783 710 1873 736 uinaque
1891 710 1963 731 desun-

1824 1531 1897 1551 Oratio
1912 1536 1966 1552 merl·

1785 1558 1832 1578 talus
1843 1561 1873 1577 tui<
1890 1558 1968 1580 sarien-

1785 1585 1811 1605 da
1827 1585 1930 1611 quotidiev
