2247 3208
253 206 302 232 An.
324 205 352 233 c.
371 205 437 233 1667
485 196 548 230 590

294 1209 436 1229 Recensentur

253 1236 309 1256 atino
325 1235 416 1255 litturae.

272 2258 383 2278 Decretum
393 2258 446 2284 prio-

263 2291 291 2305 ris
307 2285 411 2309 generalis

446 254 560 287 divinis
572 252 736 295 obsequiis
752 251 810 284 sub
825 251 910 283 suavi
924 249 1092 293 religionis
1106 249 1180 291 iugo

445 306 636 348 mancipati,
664 305 789 347 pietatis
816 309 846 336 et
870 313 1034 336 sacrarum
1066 302 1185 343 littera-⁴

445 370 513 390 rum
537 358 649 390 studiis
667 357 872 389 laudabiliter
886 356 1087 389 incumbunt.
1104 354 1181 392 Quo-

445 412 530 443 circa
562 411 645 449 illis,
673 421 759 453 quae
788 420 847 452 pro
873 419 986 441 eorum
1018 407 1180 450 religiosis

444 463 658 506 studiosisque
691 462 913 505 progressibus
945 460 1090 504 iuvandis
1114 465 1181 491 tum

444 517 483 548 ab
510 526 622 548 eorum
640 515 864 558 superioribus
883 513 1095 556 regularibus,
1115 518 1181 544 tum

446 569 630 612 Apostolica
670 569 751 601 Sede
793 567 966 600 salubriter
1007 565 1182 598 constituta

446 632 516 654 esse
537 621 716 663 conspicit,
743 631 860 653 novum
886 619 1053 663 apostolici
1080 624 1182 661 patro-

445 674 521 706 cinii
542 674 642 706 robur
662 674 801 706 libenter
822 672 985 714 adiungit,
1012 682 1047 704 ac
1067 670 1180 702 enata¹

445 727 531 759 inter
554 737 611 759 eos
637 726 784 765 dissidia,
818 736 858 757 ne
883 730 969 757 recte
996 724 1182 757 constituto-

445 790 514 811 rum
539 778 684 811 effectum
710 778 888 820 impediant
913 782 967 809 aut
992 777 1181 815 retardent,

444 832 670 873 fraternaeque
688 830 854 862 charitatis
872 828 1100 861 amoenitatem
1118 828 1181 859 diu-

444 885 504 916 tius
540 884 754 924 conturbent,
793 883 969 914 secundum
1011 881 1182 923 aequitatis

443 941 540 979 atque
564 935 757 978 prudentiae
783 935 911 975 regulas
944 933 1097 965 dirimere
1123 938 1182 964 stu-

444 990 521 1029 det,
549 989 630 1021 sicut
665 989 703 1019 ad
735 988 790 1019 Dei
823 986 979 1029 gloriam,
1014 986 1181 1028 religionis

443 1042 706 1079 incrementum,
745 1040 897 1082 pacisque
939 1044 971 1071 et
1009 1039 1181 1080 religiosae

446 1093 564 1136 quietis
591 1093 713 1124 bonum
740 1091 892 1134 expedire
918 1091 950 1122 iu
976 1090 1112 1123 Domino
1138 1100 1183 1121 ar-

446 1146 594 1179 bitratur.

491 1200 505 1241 §
532 1198 563 1230 l.
587 1198 673 1230 Alias
687 1197 849 1240 siquidem
866 1196 968 1228 felicis
991 1195 1183 1228 recordatio-

448 1253 498 1284 nis
534 1251 718 1283 Alexander
751 1250 837 1292 Papa
866 1249 916 1280 ΥΠ
949 1249 1206 1291 praedecess01·¹

450 1310 558 1337 noster
574 1303 700 1336 diversa
718 1303 859 1343 decreta,
876 1312 893 1333 a
907 1301 1069 1343 quondam
1083 1301 1182 1332 Paulo

449 1357 593 1389 Luchino
620 1356 696 1388 dum
720 1354 796 1386 vixit
831 1354 939 1396 priore
965 1353 1107 1395 generali
1134 1352 1184 1384 Or-

449 1409 532 1442 dinis
554 1409 686 1440 fratrum
710 1406 922 1439 Eremitarum
949 1405 1050 1437 sancti
1084 1406 1185 1447 Augu-

449 1462 526 1494 stini
558 1461 591 1493 in
626 1460 810 1492 visitatione
843 1464 1019 1491 conventus
1056 1458 1185 1490 maioris

450 1513 625 1556 nuncupati
652 1512 786 1544 civitatis
812 1511 999 1544 Parisiensis
1029 1510 1104 1543 dicti
1129 1510 1186 1542 Or-

450 1567 533 1600 dinis
557 1577 616 1609 pro
641 1566 726 1598 felici
760 1565 904 1597 eiusdem
937 1568 1112 1596 conventus
1137 1573 1186 1595 re-

450 1620 571 1662 gimine
596 1618 818 1661 regularisque
846 1617 1034 1659 disciplinae
1055 1626 1187 1648 conser-

450 1673 575 1705 vatione
602 1672 697 1711 edita,
724 1676 756 1703 et
780 1682 797 1702 a
823 1670 964 1712 capitulo
984 1668 1127 1711 generali
1154 1679 1187 1701 e-

451 1725 578 1757 iusdem
592 1724 718 1756 Ordinis
736 1723 923 1766 approbata,
940 1722 1115 1765 apostolica
1133 1732 1184 1753 an-

453 1778 601 1811 ctoritate
635 1775 837 1809 confirmavit
860 1780 891 1807 et
916 1774 1106 1817 approbarit
1131 1784 1188 1816 per

456 1830 611 1874 quasdam
637 1839 709 1861 suas
736 1829 878 1871 desuper
903 1828 934 1859 in
959 1827 1056 1859 simili
1089 1827 1189 1859 forma

453 1884 563 1917 Brevis
588 1883 754 1926 expeditas
780 1882 901 1914 litteras
927 1880 1049 1912 tenoris
1075 1880 1127 1922 qui
1146 1891 1191 1912 se-

453 1936 573 1979 quitur,
601 1930 771 1968 videlicet:

496 1989 684 2022 Alexander
708 1989 802 2030 Papa
832 1987 909 2027 VII,
938 1986 979 2019 ad
1003 1991 1191 2029 perpetuam

453 2043 500 2075 rei
520 2042 722 2074 memoriam.
746 2040 919 2073 Pastoralis
938 2039 1043 2079 officii,
1062 2050 1124 2081 quo
1143 2039 1190 2071 di-

453 2095 526 2126 vina
544 2094 768 2137 dispositione,
796 2099 856 2125 etc.
880 2092 1022 2135 (reliqua
1040 2092 1192 2123 omittun-

455 2151 508 2179 tur
532 2148 612 2190 quia
638 2146 704 2179 iam
720 2150 796 2178 sunt
813 2147 848 2177 in
865 2155 920 2177 suo
938 2144 1050 2176 ordine
1066 2144 1124 2175 sub
1142 2143 1193 2175 elie

455 2210 474 2231 x
498 2200 586 2231 iunii
610 2199 787 2241 unctx112).

501 2253 515 2293 ᾗ
549 2251 579 2283 02.

459 2305 570 2337 Petrus
586 2305 840 2347 Lanpanconius,
856 2305 1028 2347 episcopus
1041 2303 1194 2335 Interam-

457 2357 574 2395 nensis,
594 2363 667 2389 tunc
680 2357 768 2400 prior
785 2356 946 2399 generalis
964 2355 1038 2388 dicti
1056 2355 1192 2394 Ordinis,

457 2410 666 2441 considerans
692 2410 777 2452 quod
802 2419 861 2451 pro
887 2409 1023 2441 faciliori
1049 2409 1194 2440 decreto-

457 2473 527 2495 rum
553 2463 829 2505 praeinsertorum
849 2462 1049 2500 executione,
1062 2461 1195 2503 ⁴regula·

497 2533 505 2558 1
526 2531 595 2558 Edit.
613 2531 690 2558 Malu.
708 2532 771 2565 legit
786 2534 921 2558 emanata
944 2533 979 2565 (a.
995 2532 1044 2559 TA.

496 2579 513 2602 :1-
532 2575 601 2606 Quas
621 2575 680 2602 vide
697 2582 776 2609 supra
792 2583 851 2609 pag.
870 2574 902 2601 23
919 2574 996 2601 liuius
1013 2574 1075 2600 tomi
1091 2575 1130 2608 (n.
1146 2575 1193 2608 T.).

622 2251 659 2283 Et
689 2251 827 2283 subinde
864 2249 1058 2284 venerabilis
1096 2250 1216 2281 frater⁴

1027 202 1206 225 BL'LLARIUM
1232 200 1382 224 ROMAM'M

1225 248 1268 280 ris
1294 248 1481 290 disciplinae
1507 247 1710 280 observantia
1735 251 1766 278 et
1789 245 1876 288 pacis
1894 248 1958 276 sta-

1224 299 1395 331 bilimento
1420 300 1581 332 sexdecim
1606 300 1739 331 fratrum
1765 309 1801 331 cx
1827 296 1960 330 diversis

1225 352 1343 385 Galliae
1369 352 1542 395 provinciis
1561 356 1797 394 assumptorum
1816 356 1847 382 et
1871 359 1959 382 assu-

1225 405 1427 443 mendorum,
1438 415 1518 447 quos
1532 409 1727 436 memoratus
1741 404 1856 435 Paulus
1870 402 1959 445 prior

1225 458 1385 499 generalis
1404 457 1435 489 in
1457 458 1599 500 praefato
1613 456 1728 488 maiori
1748 460 1909 488 conventu
1927 458 1959 486 et

1226 509 1363 551 collegio
1388 509 1559 541 Parisiensi
1585 514 1742 551 perpetuo
1773 507 1959 539 affiliaverat

1225 574 1278 595 seu
1305 562 1482 594 affiliandos
1507 562 1700 600 decreverat,
1720 570 1871 592 numerus
1892 569 1958 591 non

1225 617 1388 649 videretur
1413 616 1582 654 sufficiens,
1602 611 1737 657 aliisque
1758 612 1960 646 rationabili-

1226 670 1283 701 bus
1301 668 1402 700 causis
1417 668 1581 707 adductus,
1599 668 1782 700 facultatem
1801 665 1960 698 concessit

1226 721 1342 754 dilecto
1373 721 1439 753 filio
1475 721 1616 753 Tliomae
1649 719 1810 752 Guicliens
1840 717 1959 750 Galliae

1225 774 1391 806 assistenti
1416 774 1565 806 absoluto
1597 773 1741 805 eiusdem
1771 770 1900 804 Ordinis
1930 774 1961 801 et

1226 832 1301 858 tunc
1327 826 1427 869 priori
1460 826 1534 858 dicti
1566 825 1695 858 maioris
1725 829 1900 856 conventus
1930 828 1962 855 et

1225 879 1352 921 collegii
1370 878 1572 917 Parisiensis,
1587 883 1621 909 ut
1637 877 1783 920 praefato
1801 875 1960 909 sexdecim

1226 932 1359 964 fratrum
1394 941 1530 963 numero
1567 931 1645 964 alios
1678 935 1817 973 quatuor
1847 929 1962 961 fratres

1226 985 1285 1016 sibi
1305 985 1477 1017 benevisos
1503 995 1538 1016 cx
1565 984 1737 1026 provinciis
1755 983 1876 1015 Galliae
1902 983 1962 1014 hu-

1226 1037 1362 1069 iusmodi
1396 1037 1434 1068 ad
1466 1036 1704 1078 beneplacitum
1728 1046 1819 1067 suum
1844 1045 1901 1078 pro
1926 1036 1962 1066 ea

1226 1089 1292 1121 vice
1307 1094 1429 1121 tantum
1447 1089 1628 1121 adscribere
1647 1089 1779 1126 valeret,
1798 1097 1878 1130 quos
1894 1087 1962 1129 ipse

1227 1142 1340 1174 Petrus
1359 1142 1527 1184 episcopus
1547 1146 1621 1173 tunc
1636 1140 1726 1183 prior
1746 1139 1906 1182 generalis
1926 1149 1962 1171 ex

1228 1200 1302 1227 tunc
1326 1194 1495 1227 constituit
1519 1194 1601 1226 filios
1628 1193 1770 1226 eiusdem
1790 1196 1964 1224 conventus

1227 1253 1258 1280 et
1282 1246 1411 1289 collegii
1437 1257 1508 1279 cum
1533 1246 1682 1279 omnibus
1707 1245 1846 1284 iuribus,
1872 1253 1965 1287 prae-

1227 1300 1388 1342 rogativis,
1405 1299 1591 1342 privilegiis,
1612 1298 1731 1341 gratiis,
1746 1306 1966 1341 praeeminen-

1228 1354 1288 1392 tiis,
1317 1353 1495 1395 ceterisque
1522 1352 1601 1391 aliis,
1629 1351 1743 1394 quibus
1768 1361 1826 1393 per
1850 1349 1963 1382 consti-

1229 1406 1367 1438 tutiones
1396 1405 1470 1437 dicti
1497 1404 1624 1437 Ordinis
1650 1402 1737 1436 fteri¹
1764 1408 1796 1435 et
1825 1403 1965 1445 gaudere

1229 1460 1335 1491 solent
1358 1458 1415 1491 filii
1437 1458 1573 1490 aliorum
1599 1461 1816 1489 conventuum
1836 1465 1965 1497 genera-

1230 1512 1323 1551 lium;
1350 1513 1386 1543 ea
1404 1516 1511 1542 [anien
1533 1511 1614 1552 lege,
1636 1515 1679 1548 ut,
1698 1508 1775 1552 ipsis
1791 1509 1841 1540 vel
1856 1507 1964 1550 aliquo

1229 1564 1372 1607 ipsorum
1406 1569 1543 1606 quatuor
1577 1563 1710 1594 fratrum
1739 1571 1796 1604 per
1828 1565 1966 1592 mortem

1230 1622 1284 1648 aut
1305 1616 1367 1649 alio
1386 1626 1588 1659 quocumque
1610 1615 1704 1647 modo
1730 1613 1964 1653 deficientibus,

1231 1679 1393 1711 nunquam
1417 1673 1527 1711 posset
1552 1667 1697 1710 suppleri
1722 1667 1813 1699 locus
1840 1675 1965 1704 vacans,

1231 1732 1335 1765 neque
1356 1722 1565 1764 imposterum
1587 1720 1697 1762 augeri
1722 1719 1884 1762 praefatus
1902 1728 1968 1750 sex-

1232 1775 1336 1807 decim
1362 1775 1495 1806 fratrum
1509 1773 1612 1816 primo
1632 1772 1838 1805 affiliatorum
1855 1781 1967 1803 nume-

1232 1839 1306 1867 rus,
1334 1832 1365 1860 et
1403 1827 1480 1860 alias
1515 1832 1611 1869 prout
1641 1826 1674 1857 in
1711 1825 1856 1858 eiusdem
1882 1824 1966 1856 Petri

1233 1880 1377 1923 episcopi
1405 1884 1481 1911 tunc
1509 1878 1626 1922 prioris
1660 1877 1822 1920 generalis
1852 1876 1967 1909 litteris

1233 1933 1419 1976 patentibus
1451 1932 1591 1974 desuper
1625 1931 1675 1963 die
1713 1941 1741 1963 xr
1774 1928 1968 1972 septembris

1234 1995 1365 2018 nanxu
1381 1985 1547 2023 emanatis,
1564 1993 1698 2030 quarum
1714 1988 1860 2015 tenorem
1875 1991 1968 2025 prae-

1235 2038 1378 2071 sentibus
1391 2048 1450 2080 pro
1469 2038 1563 2079 plene
1580 2041 1611 2068 et
1629 2036 1824 2068 sufficienter
1840 2044 1969 2077 expres-

1235 2102 1269 2123 so
1297 2102 1333 2123 ac
1357 2091 1395 2123 de
1423 2091 1519 2122 verbo
1544 2089 1582 2121 ad
1608 2089 1742 2121 verbum
1768 2089 1887 2120 inserto
1913 2087 1969 2118 ha-

1236 2143 1303 2176 beri
1329 2144 1490 2181 volumusy
1512 2141 1643 2174 uberius
1664 2141 1857 2173 continetur.

1280 2198 1294 2240 g'
1319 2196 1349 2229 3.
1377 2195 1454 2228 Cum
1479 2200 1595 2233 autem,
1615 2195 1698 2226 sicut
1718 2194 1912 2237 accepimus,
1935 2193 1972 2225 li-

1237 2255 1284 2281 cet
1299 2254 1370 2291 post
1383 2254 1529 2280 emanata
1544 2248 1673 2280 decreta
1684 2258 1738 2279 seu
1753 2251 1869 2279 statuta
1884 2257 1972 2289 prae-

1238 2302 1370 2340 inscrta,
1385 2302 1546 2343 factusque
1561 2300 1765 2332 affiliationes
1778 2298 1970 2337 huiusmodi,

1238 2355 1398 2396 praefatus
1413 2359 1586 2385 coni-entus
1603 2358 1634 2384 et
1651 2351 1822 2393 collegium
1838 2352 1973 2383 multum

1238 2407 1269 2438 in
1295 2405 1516 2449 spiritualibus
1535 2411 1566 2437 et
1589 2404 1819 2447 temporalibus
1844 2414 1975 2446 accepe-

1238 2459 1278 2490 rit
1307 2458 1536 2497 emolumenti,
1562 2459 1666 2490 cultus
1700 2456 1823 2488 divinus
1854 2455 1975 2487 ibidem

1276 2574 1282 2599 t
1309 2572 1407 2599 Forsan
1431 2573 1471 2598 uli
1488 2580 1534 2606 pro
1554 2572 1618 2605 fieri
1638 2570 1778 2605 legendum
1798 2573 1837 2605 (a.
1854 2571 1902 2604 Τ.).

1968 194 2015 220 An.
2037 192 2067 220 C.
2085 193 2150 220 1667

2017 2200 2096 2220 Monva
2112 2205 2166 2220 cou-

1982 2227 2114 2256 firmationis.⁴
