2247 3208
249 215 296 240 An.
317 213 345 240 c.
363 213 429 240 1662
475 204 517 238 80

261 1218 380 1239 mamillae.

1014 208 1190 232 BULLARIL'M
1215 207 1366 229 noxi-&NCM

442 266 619 295 memorata
644 259 841 292 monasteria
866 268 924 290 seu
949 256 1097 298 collegia,
1125 261 1172 288 ¹0·
1205 262 1286 294 ctive
1312 260 1542 293 inviolabiliter
1565 261 1748 301 observari,
1776 261 1887 305 sicque
1905 262 1937 294 in

442 324 521 346 nore
546 311 766 355 praesentium
791 310 938 348 unimus,
967 308 1170 341 annectimus

442 371 473 398 et
497 366 740 407 incorporamus
766 362 953 406 praedictae
969 361 1171 403 ‚Congrega-

441 417 519 451 tioni
552 417 582 449 S.
611 416 740 459 Georgii
772 415 804 448 in
833 416 912 457 Alga
938 414 1166 454 Vcnefiarum,

439 470 482 503 ita
502 474 535 501 ut
554 480 624 501 cum
646 468 778 512 reliquis
801 468 904 500 dictae
923 466 1070 500 eiusdem
1088 465 1169 498 Con-

439 520 637 564 gregationis
656 519 863 553 monasteriis
882 529 981 552 unum
997 528 1116 562 eorpus
1138 523 1170 552 et

439 583 534 606 unam
554 574 765 616 eamdemque
784 572 1075 614 Congregationem
1093 582 1169 604 con-

438 626 580 666 stituant,
599 630 631 657 et
643 624 773 658 illorum
788 623 948 664 canonici,
965 623 1048 657 sicut
1061 630 1166 665 antea,

436 678 635 722 provinciale
651 677 826 720 capitulum
842 677 1056 710 celebrentde
1067 676 1167 710 trien-

437 732 490 765 nio
515 733 546 764 in
573 732 759 771 triennium,
779 731 906 774 sibique
932 731 1166 774 provincialem

436 785 574 828 eligant,
603 785 657 828 qui
683 795 700 817 a
725 784 871 827 generali
897 783 1164 827 Congregationis

434 837 716 871 confirmationem
738 837 885 879 accipere
905 842 937 870 et
953 838 991 870 ad
1010 839 1163 880 gencrale

434 891 605 935 capitulum
621 891 776 925 accedere
795 895 954 931 teneatur,
968 895 1079 923 uttam
1094 891 1163 933 ipse

433 944 639 988 provincialis
662 955 756 988 qnam
775 943 974 977 monasteria
998 944 1165 988 praedicta

433 1002 465 1030 et
489 998 618 1032 illorum
650 997 797 1031 canonici
830 1002 861 1030 et
894 1007 1057 1040 personae
1090 997 1165 1029 sub-

432 1050 497 1083 sint
514 1051 731 1091 obedientiae,
754 1050 946 1090 visitationi,
967 1051 1163 1086 correctioni

432 1108 463 1137 et
480 1103 685 1137 omnimodae
704 1103 921 1137 iurisdictioni
939 1103 1102 1147 generalis
1117 1103 1164 1147 ip-

431 1155 496 1189 sius
522 1155 802 1199 Congregationis,

473 1209 487 1251 ἓ
512 1208 542 1241 ⁶2.
569 1208 788 1242 becci-nonies
814 1206 945 1243 easdem
971 1214 1162 1253 praesentes

431 1261 575 1302 litteras,
604 1262 699 1295 etiam
726 1273 761 1295 ex
789 1273 827 1295 eo
854 1264 941 1307 qnod
968 1264 1107 1309 quilibet
1130 1265 1162 1297 in

430 1315 618 1358 praemissis
644 1315 805 1348 interesse
831 1317 990 1349 habentes
1023 1329 1081 1350 scu
1107 1319 1164 1350 ha-

430 1368 506 1401 bere
533 1369 782 1413 quomodolibet
816 1371 1072 1414 praetemlentes
1097 1372 1161 1405 illis

429 1432 494 1455 non
519 1414 759 1463 consenserint,
787 1434 847 1456 nec
873 1424 1018 1467 desuper
1043 1425 1159 1466 vocati,

429 1475 516 1509 citati
543 1480 575 1509 et
599 1477 699 1510 auditi
718 1477 851 1518 suerint,
876 1482 932 1511 aut
950 1488 987 1510 ex
1005 1478 1068 1512 alia
1085 1490 1162 1522 qua-

428 1539 567 1572 cumque
593 1532 699 1569 causa,
727 1531 850 1571 colore,
873 1535 1044 1574 praetextu
1063 1536 1094 1564 et
1111 1542 1162 1564 ca-

428 1580 514 1624 pite,
544 1581 640 1615 etiam
673 1582 705 1615 in
737 1593 876 1626 corpore
907 1584 987 1617 iuris
1024 1586 1158 1625 clauso,

429 1635 517 1667 nullo
538 1645 679 1678 unquam
700 1640 846 1679 tempore
872 1637 911 1669 de
937 1638 1160 1682 subreptionis

427 1688 477 1720 vel
503 1688 702 1732 obreptionis
728 1695 780 1722 aut
804 1691 957 1724 nullitatis
982 1692 1076 1733 vitio,
1104 1704 1161 1726 seu

429 1740 618 1774 intentionis
655 1748 784 1776 nostrae
820 1750 873 1777 aut
907 1745 1067 1779 interesse
1104 1747 1161 1780 ha-

429 1793 571 1827 bentium
601 1806 779 1829 consensus
813 1797 914 1831 aliove
941 1800 1086 1842 quolibet
1110 1801 1161 1833 de-

1205 315 1391 358 praemissis
1417 325 1476 357 per
1501 325 1721 358 quoscumque
1740 314 1862 347 iudices
1888 325 1938 348 or-

1205 367 1346 400 dinarios
1367 372 1399 399 et
1422 367 1610 409 delegatos,
1642 367 1737 400 etiam
1768 377 1937 400 causarum

1203 420 1313 462 palatii
1337 419 1506 463 apostolici
1531 419 1705 460 auditores,
1733 430 1769 452 ac
1792 420 1822 453 S.
1843 420 1880 452 R.
1900 420 1934 453 E.

1203 472 1396 513 cardinales,
1421 472 1516 504 etiam
1531 472 1570 505 de
1588 473 1688 505 latere
1706 473 1842 515 legatos,
1863 473 1937 506 sub-

1202 526 1265 558 lata
1296 526 1342 558 eis
1376 530 1543 559 eteorum
1575 525 1707 558 cuilibet
1739 525 1848 569 quavis
1879 526 1936 560 ali-

1203 583 1250 611 ter
1274 579 1438 612 iudicandi
1464 584 1497 611 et
1520 578 1754 621 interpretandi
1786 580 1935 612 facultate

1202 636 1233 663 et
1246 631 1447 673 auctoritate,
1464 631 1597 664 iudicari
1616 636 1647 664 et
1659 631 1785 664 definiri
1801 631 1932 672 debere,

1201 694 1237 716 ac
1260 681 1384 717 irritum
1409 689 1441 717 et
1463 683 1560 717 inane
1585 684 1611 716 si
1636 695 1729 717 secus
1754 694 1854 727 super
1883 685 1934 717 his

1200 747 1218 769 a
1242 747 1415 781 quoquam,
1444 738 1555 781 quavis
1574 738 1773 778 anctoritate,
1794 735 1935 771 scienter

1199 791 1249 823 vel
1274 789 1473 832 ignoranter,
1501 791 1672 833 contigerit
1697 791 1858 823 attentari.

1242 843 1256 885 ἕ
1281 842 1311 876 3.
1340 843 1410 876 Non
1431 844 1634 876 obstantibus
1656 843 1855 886 praemissis,
1883 854 1929 881 ac,

1199 901 1356 939 quatenus
1381 896 1423 928 sit
1445 907 1537 939 opuS‚
1559 896 1598 929 de
1619 897 1687 929 iure
1705 896 1850 940 quaesito
1868 907 1931 930 non

1201 950 1357 990 tollendo,
1388 949 1526 993 aliisque
1558 950 1678 983 nostris
1712 955 1744 983 et
1774 952 1933 984 cancella-

1197 1003 1263 1035 riae
1289 1003 1485 1045 apostolicae
1510 1003 1642 1045 regulis,
1670 1008 1702 1035 et
1718 1003 1788 1036 aliis
1814 1004 1933 1037 consti-

1199 1055 1375 1088 tutionibus
1402 1060 1433 1088 et
1457 1056 1713 1089 ordinationibus
1732 1052 1930 1099 apostolicis,

1199 1119 1325 1141 necnon
1364 1108 1550 1152 provinciae
1592 1113 1624 1141 et
1661 1109 1931 1142 monasteriorum

1199 1166 1230 1194 et
1253 1162 1465 1205 collegiorum
1492 1161 1690 1202 huiusmodi,
1725 1162 1838 1195 aliisve
1864 1163 1932 1206 qui-

1198 1215 1318 1255 busvis,
1346 1215 1442 1248 etiam
1467 1215 1661 1257 iuramento,
1688 1215 1931 1248 confirmatione

1198 1269 1392 1311 apostolica,
1435 1269 1485 1302 vel
1526 1269 1637 1312 quavis
1680 1267 1830 1302 firmitate
1871 1268 1932 1301 alia

1196 1322 1368 1363 roboratis,
1407 1321 1532 1355 statutis
1565 1327 1597 1354 et
1627 1321 1928 1362 consuetudinibus,

1197 1374 1374 1417 privilegiis
1403 1385 1549 1418 quoque,
1584 1375 1717 1407 indultis
1750 1378 1783 1406 et
1814 1373 1930 1407 litteris

1196 1427 1402 1470 apostolicis,
1429 1427 1553 1460 eisdem
1587 1427 1769 1470 provinciae
1802 1431 1834 1459 et
1864 1436 1932 1459 mo-

1196 1480 1347 1513 nasteriis
1373 1491 1429 1513 seu
1463 1481 1621 1524 collegiis,
1654 1481 1848 1523 illorumque
1880 1491 1932 1513 su-

1196 1534 1377 1577 perioribus
1403 1539 1435 1567 et
1458 1534 1607 1577 personis
1633 1533 1843 1578 quibuslibet,
1871 1534 1929 1566 sub

1197 1587 1450 1631 quibuscumque
1488 1588 1660 1620 verborum
1698 1587 1863 1620 tenoribus
1900 1592 1932 1620 et

1196 1640 1317 1681 formis,
1334 1652 1370 1673 ac
1383 1652 1453 1673 cum
1467 1640 1631 1684 quibusvis
1650 1641 1746 1673 etiam
1761 1640 1932 1682 derogato-

1195 1694 1313 1726 riarum
1345 1694 1570 1736 derogatoriis,
1605 1694 1741 1736 aliisque
1775 1693 1931 1726 efficacio-

1195 1747 1295 1787 ribus,
1323 1746 1555 1779 ‘efficacissimis
1581 1751 1613 1779 ct
1636 1746 1777 1779 insolitis
1802 1747 1931 1779 clausu-

1196 1800 1246 1841 lis,
1274 1800 1537 1843 irritantibusque
1564 1804 1596 1832 et
1620 1799 1690 1832 aliis
1717 1799 1868 1840 decretis,
1897 1800 1929 1832 in

429 1847 512 1880 fectu
539 1848 654 1889 notari,
681 1849 874 1893 impugnari,
897 1851 1040 1895 infringi,
1061 1859 1161 1887 retra·
1195 1864 1315 1896 genere
1340 1854 1389 1886 vel
1415 1853 1447 1885 in
1473 1853 1594 1896 specie,
1615 1853 1710 1885 etiam
1731 1858 1820 1885 motu
1845 1852 1927 1895 pari,

428 1900 516 1941 ctari,
545 1907 598 1934 aut
622 1902 661 1935 ad
689 1903 842 1937 terminos
863 1905 940 1938 iuris
959 1907 1080 1948 reduci,
1103 1918 1159 1940 seu
1177 1917 1178 1920 ’
1195 1917 1231 1939 ac
1255 1907 1352 1939 etiam
1378 1907 1655 1946 consistorialiter,
1677 1911 1732 1938 aut
1755 1906 1833 1938 alias
1852 1916 1931 1949 quo-

428 1953 581 1986 adversus
606 1954 676 1987 illas
702 1956 890 1998 aperitionis
927 1959 1003 1999 oris,
1032 1960 1160 1992 restitu-
1176 1942 1179 1971 ⁵
1195 1960 1383 1999 modolibet,
1401 1960 1497 1992 ctiam
1515 1960 1637 1992 iteratis
1657 1959 1789 1999 vicibus,
1806 1960 1839 1991 in
1856 1969 1931 1992 con-

431 2006 526 2038 tionis
557 2007 588 2039 in
620 2007 790 2050 integrum,
823 2010 950 2043 aliudve
984 1988 1325 2055 quodcum-lii-arium
1364 2013 1617 2055 praemissorum
1653 2012 1836 2054 concessis,
1875 2023 1930 2056 ap-

430 2069 490 2101 que
520 2059 616 2100 iuris,
645 2061 715 2093 sacti
747 2063 796 2094 vel
829 2062 949 2105 gratiae
979 2039 1348 2109 remediumiprobatis,
1377 2070 1409 2098 et
1432 2065 1611 2105 innovatis,
1639 2065 1753 2108 quibus
1778 2066 1928 2098 omnibus

430 2111 604 2155 impetrari,
618 2119 670 2145 aut
684 2114 863 2157 impetrato,
881 2117 1041 2150 veletiam
1060 2125 1157 2159 motu,
1176 2094 1178 2142 Ι
1195 2124 1227 2150 ct
1257 2118 1411 2160 singulis,
1437 2118 1563 2151 etiamsi
1596 2129 1653 2161 pro
1678 2119 1806 2151 illorum
1843 2119 1930 2151 suffi-

430 2164 564 2197 scientia
588 2170 619 2199 et
648 2167 816 2208 potestatis
848 2169 1050 2211 plenitudine
1077 2171 1291 2214 pari-‘cienti
1325 2171 1535 2213 derogatione
1577 2172 1616 2204 de
1652 2171 1715 2204 illis
1752 2182 1930 2215 eorumque

431 2217 488 2248 bus
515 2227 681 2256 concesso⁷
706 2220 889 2262 quempiam
910 2221 941 2253 in
967 2222 1085 2256 iudicio
1111 2225 1159 2257 vel
1196 2223 1269 2257 totis
1295 2223 1460 2257 tenoribus
1487 2224 1649 2268 specialis,
1685 2224 1848 2268 specifica,
1876 2236 1929 2258 ex-

430 2273 519 2301 extra
551 2269 628 2302 illud
658 2271 701 2302 uti
739 2282 795 2304 seu
827 2284 861 2305 se
894 2274 1001 2308 iuvare
1034 2250 1308 2320 posse;·p1‘essa
1341 2283 1373 2310 et
1404 2277 1587 2318 individua,
1615 2289 1651 2310 ac
1683 2279 1722 2311 de
1759 2279 1858 2311 verbo
1889 2279 1929 2311 ad

431 2322 487 2354 sed
524 2321 609 2365 ipsas
646 2330 834 2365 praesentes
874 2327 996 2360 litteras
1033 2339 1161 2372 semper
1194 2331 1341 2373 verbum,
1369 2342 1433 2364 non
1459 2338 1566 2365 autem
1598 2343 1657 2375 per
1686 2333 1849 2366 clausulas
1875 2331 1929 2375 ge-

430 2374 550 2414 firmas,
588 2375 708 2408 validas
734 2383 762 2409 et
789 2378 933 2412 efficaces
966 2381 1104 2415 existere
1130 2388 1162 2416 et
1195 2386 1322 2418 nerales
1348 2385 1434 2418 idem
1466 2386 1689 2428 importantes,
1726 2386 1847 2419 mentio
1872 2396 1930 2419 seu

431 2427 510 2469 s0sea
538 2439 676 2472 SUOSqtle
701 2431 863 2473 plenarios
890 2439 919 2465 et
944 2434 1086 2477 integros
1117 2437 1161 2469 es·
1195 2439 1325 2482 quaevis
1351 2439 1413 2472 alia
1434 2439 1600 2481 expressio
1625 2439 1776 2471 habenda
1799 2443 1853 2471 aut
1872 2438 1930 2471 ali-

431 2480 531 2514 sectus
557 2482 662 2515 sortiri
696 2488 727 2515 et
750 2484 910 2526 obtinere,
943 2498 978 2519 ac
1014 2488 1089 2530 illis,
1122 2491 1161 2523 ad
1195 2503 1258 2535 qua
1296 2493 1359 2525 alia
1395 2492 1554 2536 exquisita
1587 2493 1687 2525 forma
1711 2492 1837 2526 adhoc
1861 2503 1929 2525 ser-

432 2544 510 2578 quos
536 2540 659 2578 spectat
682 2541 714 2569 et
737 2547 794 2579 pro
821 2542 964 2581 tempore
990 2543 1159 2584 spectabit,
1194 2546 1297 2577 vanda
1327 2545 1427 2586 soret,
1454 2551 1581 2578 tenores
1608 2546 1813 2586 huiusmodi,
1842 2556 1878 2578 ac
1902 2546 1929 2579 si

430 2587 621 2642 plenissime
643 2588 820 2632 suflragari,
849 2597 880 2624 et
904 2593 943 2625 ab
968 2593 1030 2627 illis
1051 2605 1163 2639 respe-
1196 2598 1234 2631 de
1253 2599 1351 2631 verbo
1367 2599 1407 2632 ad
1425 2600 1569 2640 verbum,
1584 2599 1665 2633 nihil
1683 2599 1810 2643 penitus
1832 2599 1930 2634 omis-

1951 205 2000 230 An.
2022 204 2050 230 c,
2071 196 2136 230 16³2

2015 847 2131 867 ‹lunii-anis

1948 875 2043 900 derogat.
