2247 3208
208 214 259 243 An.
273 213 303 242 C.
324 213 393 243 1663
439 203 502 239 138

410 261 576 295 cessiones
601 262 633 291 et
655 255 863 290 remissiones
887 253 1085 295 huiusmodi,
1110 258 1144 287 et

411 314 461 347 die
486 323 522 344 ac
547 308 648 344 sesto¹
673 310 705 342 in
731 308 857 352 quibus,
882 312 913 340 et
936 317 1049 339 causas
1069 317 1142 350 pro-

410 372 481 410 pter
499 374 577 408 quas
597 363 651 395 illa
668 360 823 404 consequi
842 361 1007 399 deberent,
1026 359 1065 392 ad
1090 369 1142 392 eo-

410 429 481 451 rum
507 414 745 459 beneplacitum
769 412 927 457 publicari
953 413 1077 451 facere,
1111 417 1143 444 et

411 474 635 513 eleemosynas
660 467 736 511 ipsis
762 477 820 510 per
843 465 954 498 fideles
979 464 1143 508 quoslihet

409 523 494 558 illis‘z
518 534 579 567 pro
599 528 741 564 tempore
760 518 962 562 elargiendas
980 517 1142 561 recipere,

411 582 443 610 et
466 585 620 619 personas
645 574 682 606 ad
709 571 893 605 huiusmodi
920 572 1141 614 eleemosynas

412 628 611 671 colligendas
645 627 822 668 deputare,
848 635 884 657 ac
909 623 1045 667 quilibet
1069 632 1143 655 con-

412 683 510 714 frater
542 680 667 723 aliaque
700 688 842 721 persona
873 676 1143 709 archiconfrater-

412 734 530 773 nitatis,
556 730 742 765 monasterii
769 735 800 763 et
823 728 994 773 hospitalis
1020 728 1144 761 confra-

410 792 495 819 trum
535 785 797 828 presbyterorum
838 787 870 815 et
911 791 1143 815 conversorum

412 838 596 873 huiusmodi
629 845 864 880 quemcumque
897 832 1144 878 presbyterum³

413 893 594 926 secularem
609 891 642 922 in
660 900 750 922 suum
769 892 906 932 possent
931 887 1050 929 eligere
1069 897 1144 919 con-

413 948 582 984 sessorem,
608 943 661 987 qui
693 951 748 975 eos
775 946 807 973 et
830 950 942 973 eorum
967 939 1145 983 quemlibet

413 1011 430 1033 a
443 999 695 1043 quibuscumque
707 994 840 1033 casibus,
851 997 1143 1036 quantumcumque

414 1050 574 1095 gravibus,
596 1048 690 1081 etiam
722 1046 754 1079 in
787 1045 959 1089 quinterno
986 1045 1145 1077 cancella-

413 1105 478 1138 riae
504 1101 700 1146 apostolicae
721 1099 754 1132 in
772 1098 864 1131 dictis
882 1097 995 1131 litteris
1015 1107 1145 1140 expres-

413 1157 465 1197 sis,
487 1167 522 1189 ac
554 1155 650 1187 etiam
676 1151 883 1195 Apostolicae
903 1150 978 1183 Sedi
999 1160 1146 1182 reserva-

413 1211 462 1250 tis,
489 1209 667 1247 absolvere,
685 1211 716 1239 et
733 1203 968 1238 consessionale
988 1208 1019 1235 et
1043 1204 1144 1236 altare

412 1261 562 1307 portatile
586 1260 671 1292 iuxta
695 1259 830 1290 sormam
854 1261 886 1289 et
910 1255 1030 1288 litteras
1051 1264 1145 1298 prae-

414 1315 514 1348 dictas
540 1313 661 1345 habere
687 1315 830 1355 possent,
857 1308 1020 1342 licentiam
1047 1312 1079 1340 et
1104 1307 1146 1338 sa-

413 1369 565 1400 cultatem
592 1362 809 1405 concesserit)
842 1360 1070 1404 eiusdemque⁴
1099 1370 1146 1392 ar-

413 1416 741 1454 chiconsraternitatis
757 1415 972 1448 confratribus
990 1424 1048 1456 pro
1066 1417 1145 1445 tem-

413 1484 493 1519 pore
515 1471 727 1506 existentibus
751 1479 826 1502 vere
852 1466 1096 1511 poenitentibus
1116 1471 1147 1498 et

414 1525 582 1565 confessis,
607 1535 663 1557 seu
699 1521 822 1556 statutis
854 1532 871 1553 a
896 1520 965 1553 iure
993 1519 1148 1563 tempori-

413 1581 472 1613 bus
496 1577 669 1612 contitendi
702 1574 905 1620 propositum
931 1572 1146 1612 habentibus,

415 1634 468 1677 qui
493 1633 525 1664 in
551 1630 694 1664 eiusdem
720 1629 750 1662 S.
771 1627 900 1670 Iosephi
923 1632 955 1659 et
971 1625 1147 1659 Nativitatis

414 1685 541 1720 Domini
566 1683 667 1717 nostri
686 1683 757 1715 Iesu
777 1680 896 1714 Christi
914 1690 970 1712 seu
999 1678 1069 1712 aliis
1090 1688 1148 1722 per

416 1739 654 1784 praepositum,
679 1735 956 1769 administratores
981 1737 1012 1765 et
1036 1732 1149 1774 guber-

416 1798 546 1826 natores
564 1792 601 1824 ad
626 1790 658 1823 id
678 1787 885 1822 nominandis
907 1786 993 1819 sestis
1013 1796 1068 1818 seu
1088 1785 1149 1817 die-

416 1846 475 1878 bus
501 1855 519 1877 a
549 1843 661 1887 primis
691 1840 834 1885 vesperis
864 1850 965 1882 usque
991 1838 1029 1870 ad
1056 1848 1148 1870 occa-

418 1908 485 1930 sum
517 1896 594 1929 solis
621 1893 788 1938 sequentis
820 1892 882 1925 diei
916 1890 1147 1924 monasterium

418 1956 450 1983 et
468 1948 628 1992 hospitale
647 1958 683 1980 ac
707 1942 879 1979 ecclesiam
898 1942 1081 1976 huiusmodi
1101 1943 1150 1974 de-

418 2009 491 2035 vote
516 2001 690 2039 visitarent,
720 2004 752 2031 et
778 2008 837 2042 pro
862 1995 1047 2041 praemissis
1078 2005 1150 2038 ope-

419 2055 507 2088 ribus
528 2064 640 2087 manus
665 2051 837 2085 adiutrices
863 2051 950 2082 iuxta
970 2059 1082 2082 eorum
1101 2059 1151 2080 ar-

419 2107 548 2140 bitrium
571 2106 787 2149 porrigerent,
804 2102 981 2146 plenariam
1007 2101 1150 2135 omnium

456 2197 467 2222 t
492 2195 581 2221 Potius
594 2194 653 2229 lege
669 2196 694 2220 et
710 2193 770 2220 dies
784 2200 817 2218 ac
832 2193 903 2226 festa
919 2191 955 2225 (R.
972 2190 1020 2224 τ.).

455 2239 470 2265 2
491 2238 543 2264 Vox
558 2238 618 2264 illas
631 2236 781 2264 redundare
796 2236 902 2262 videtur
916 2237 954 2267 (a.
970 2234 1015 2267 r.)⁴

456 2283 472 2311 3
491 2283 539 2309 Ed.
557 2282 633 2308 Maia.
650 2282 715 2316 legit
727 2281 962 2315 presbyterorum
975 2280 1015 2312 (n.
1033 2277 1081 2312 T.).

457 2328 471 2353 ά
488 2327 525 2353 Ad
537 2327 663 2362 syntaxim
675 2325 862 2351 absolvendam
880 2323 940 2350 heic
956 2323 1071 2357 legerem
1083 2322 1154 2348 eius-

422 2373 487 2399 dem
502 2380 612 2405 quoque
621 2380 630 2403 ,·
651 2379 709 2396 nam
730 2369 864 2396 narrativa
884 2368 1002 2403 priorum
1022 2366 1098 2393 Pauli
1117 2366 1152 2393 Ill

422 2416 581 2447 litterarum,
596 2415 665 2440 intra
688 2413 871 2448 parenthesim
887 2412 971 2438 relata
986 2410 1153 2438 subiunctivo

424 2462 503 2487 niodo
522 2459 572 2486 sub
593 2458 721 2494 particula
739 2466 818 2490 cum,
839 2457 892 2483 iam
913 2456 987 2483 finita
1006 2460 1064 2488 est;
1085 2463 1155 2481 nunc

424 2509 513 2531 autem
528 2502 688 2537 posteriores
702 2501 778 2526 Pauli
794 2500 827 2526 lll
849 2500 954 2526 litterae
969 2499 1043 2526 innui
1062 2499 1154 2526 viden-

425 2553 468 2575 tur
482 2547 626 2574 indicativo
646 2545 724 2572 modo
748 2544 797 2571 sub
821 2544 952 2578 particula
976 2544 1060 2579 quod,
1087 2551 1154 2578 quae

424 2590 570 2629 praecessit
592 2598 651 2625 pag.
675 2589 724 2616 136
743 2597 760 2615 α
781 2590 816 2623 (ἢ.
834 2588 881 2622 Τ.).

989 207 1167 232 BULLARIUM
1191 206 1342 231 ROMANUM

1174 259 1380 297 peccatorum
1405 263 1536 288 suorum
1560 254 1795 298 indulgentiam
1812 265 1848 288 ac
1864 255 1908 287 iu-

1174 307 1316 340 bilaeum
1334 312 1366 340 et
1381 307 1608 340 remissionem
1632 307 1665 340 in
1686 307 1825 341 Domino
1849 307 1908 341 mi-

1176 359 1384 393 sericorditer
1408 359 1562 402 elargitus
1587 365 1647 400 est,
1674 370 1746 393 cum
1772 359 1904 401 decreti,

1174 412 1325 452 mandati,
1341 412 1571 455 derogationis,
1589 412 1724 456 aliisque
1740 413 1905 453 clausulis,

1175 471 1272 508 prout
1296 465 1329 498 in
1353 465 1431 508 ipsis
1456 465 1545 498 Pauli
1572 465 1832 508 praedecessoris
1857 465 1909 500 lit-

1177 516 1284 558 teris¹;
1311 528 1458 561 quarum,
1478 528 1513 550 ac
1531 517 1784 560 privilegiorum,
1802 528 1908 550 exem-

1176 570 1332 613 ptionum,
1357 569 1631 612 indulgentiarum
1655 574 1688 602 et
1711 570 1907 603 indultorum

1176 622 1399 665 transumptis,
1423 632 1519 654 manu
1544 622 1678 654 alicuius
1703 622 1820 655 notarii
1851 633 1910 665 pu-

1176 674 1253 708 blici
1288 674 1495 718 subscriptis,
1525 680 1556 707 et
1579 674 1687 717 sigillo
1712 674 1908 718 protectoris

1177 733 1229 760 aut
1253 727 1386 760 alterius
1404 737 1563 771 personae
1582 727 1614 759 in
1633 726 1787 769 dignitate
1805 727 1910 760 eccle-

1177 778 1305 812 siastica
1329 779 1520 812 constitutae
1550 790 1605 812 seu
1642 779 1774 812 alicuius
1799 779 1909 812 curiae

1178 831 1414 864 ecclesiasticae
1439 831 1581 871 munitis,
1607 832 1752 865 eamdem
1777 842 1910 875 prorsus

1178 884 1273 916 sidem
1299 884 1445 917 adhiberi
1470 884 1580 925 voluit,
1607 895 1688 928 quae
1715 884 1792 928 ipsis
1818 884 1913 927 origi·

1178 936 1304 969 nalibus
1336 936 1454 969 litteris
1480 937 1708 976 adhiberetur,
1743 937 1768 970 si
1804 938 1912 970 forent

1179 990 1340 1022 exhibitae
1357 991 1407 1023 vel
1428 995 1600 1030 ostensae3
1628 990 1751 1023 eisdem
1776 995 1852 1034 post
1868 990 1913 1022 νί-

1179 1041 1258 1084 ginti
1290 1053 1410 1083 annos,
1441 1042 1548 1085 quoad
1578 1042 1814 1084 indulgentiam
1842 1044 1912 1085 ple-

1178 1094 1300 1128 nariam
1323 1100 1355 1128 et
1371 1095 1596 1128 remissionem
1621 1095 1830 1138 praedictam,
1855 1095 1913 1127 mi-

1179 1148 1266 1180 nime
1292 1148 1451 1188 valituris,
1479 1153 1510 1180 et
1541 1147 1636 1181 aliis²
1660 1147 1693 1179 in
1718 1148 1820 1181 forma
1844 1158 1913 1180 mo-

1179 1200 1354 1244 tusproprii
1368 1200 1400 1232 in
1415 1203 1541 1233 camera
1554 1199 1732 1244 apostolica
1748 1200 1913 1244 praedicta

1178 1254 1301 1297 recepti
1330 1259 1362 1287 et
1392 1254 1549 1286 admissi:
1583 1264 1661 1297 quas
1687 1264 1756 1294 nos,
1791 1252 1914 1286 omnia-

1180 1318 1241 1351 que
1267 1312 1300 1340 et
1322 1307 1447 1350 singula
1471 1307 1650 1350 privilegia,
1679 1306 1911 1349 exemptiones,

1179 1360 1422 1403 praerogativas
1441 1387 1448 1401 ,
1479 1360 1602 1393 indulta
1621 1387 1628 1400 ,
1665 1358 1882 1402 indulgentias
1903 1385 1911 1399 ,

1180 1414 1306 1457 aliaque
1332 1413 1363 1445 in
1389 1413 1434 1446 eis
1460 1418 1633 1453 contenta,
1658 1412 1914 1456 praemissorum

1181 1472 1213 1499 et
1226 1466 1362 1499 aliorum
1380 1466 1506 1506 intuitu,
1522 1477 1559 1499 ex
1577 1468 1664 1498 certa
1681 1464 1825 1503 scientia,
1843 1473 1915 1496 cum

1181 1520 1314 1559 decreti,
1343 1519 1494 1559 mandati,
1520 1518 1751 1561 derogationis,
1778 1517 1914 1560 aliisque

1181 1573 1345 1613 clausulis,
1370 1572 1639 1613 confirmavimus,
1666 1570 1914 1615 approbavimus

1181 1631 1213 1658 et
1238 1625 1470 1665 innovavimus,
1498 1630 1595 1669 prout
1618 1625 1650 1657 in
1675 1623 1795 1657 nostris
1819 1623 1852 1655 in
1875 1623 1916 1655 si-

1181 1678 1248 1711 mili
1275 1679 1377 1712 sorma
1411 1677 1519 1711 Brevis
1548 1677 1664 1711 litteris
1690 1676 1816 1720 plenius
1840 1685 1915 1708 con-

1182 1731 1330 1764 tinetur³.

1225 1786 1239 1828 ἓ
1263 1784 1294 1817 3.
1321 1783 1396 1817 Cum
1421 1790 1538 1823 autem,
1555 1783 1636 1816 sicut
1657 1783 1771 1816 eadem
1793 1781 1917 1826 exposi-

1183 1838 1226 1871 tio
1252 1837 1475 1879 subiungebat,
1494 1836 1610 1870 dilecta
1634 1836 1667 1869 in
1692 1835 1818 1869 Christo
1840 1835 1917 1867 Iulia

1183 1892 1338 1925 Columna
1355 1890 1466 1923 nobis⁴
1483 1889 1597 1922 mulier
1617 1889 1771 1928 Romana,
1790 1893 1918 1920 terrena

1183 1944 1216 1977 in
1241 1943 1413 1982 caelestia,
1445 1948 1476 1975 et
1511 1941 1696 1974 transitoria
1727 1941 1760 1973 in
1785 1946 1916 1973 aeterna

1185 1997 1269 2029 sotici
1299 1995 1492 2029 commercio
1529 1999 1726 2027 commutare
1763 1992 1917 2036 cupiens,

1185 2056 1355 2093 postquam
1395 2049 1566 2092 quamdam
1602 2048 1731 2079 domum
1767 2045 1799 2078 in
1834 2045 1918 2078 dicta

1185 2102 1338 2145 regione⁵
1362 2100 1543 2144 Campitelli
1563 2100 1706 2132 eiusdem
1732 2099 1834 2130 almae
1863 2097 1919 2129 Ur-

1185 2155 1234 2187 bis
1260 2159 1387 2187 nostrae
1408 2153 1638 2186 consistentem
1663 2149 1917 2184 confraternitati

1187 2205 1450 2240 Annunciationis
1467 2205 1502 2237 B.
1522 2204 1638 2237 Mariae
1656 2202 1794 2246 Virginis
1815 2201 1849 2234 in
1870 2211 1919 2234 eo-

1220 2323 1233 2348 1
1252 2320 1426 2356 Subintellige
1438 2320 1613 2347 continetur.
1631 2318 1712 2345 Porro
1723 2317 1773 2345 hae
1784 2316 1919 2345 secundae

1186 2367 1292 2394 litterae
1309 2365 1381 2392 Pauli
1399 2364 1431 2391 ttl
1449 2372 1501 2391 non
1517 2367 1579 2390 sunt
1593 2364 1619 2389 in
1635 2363 1769 2390 Bullario
1783 2364 1820 2396 (a.
1837 2361 1883 2395 T.)-

1221 2412 1235 2436 ’2
1252 2409 1363 2436 Videtur
1378 2408 1519 2442 legendum
1535 2407 1611 2434 alitis
1626 2404 1675 2442 pro
1691 2406 1758 2432 aliis
1772 2406 1810 2436 (n.
1826 2405 1876 2437 Τ.).

1221 2454 1237 2481 3
1253 2453 1338 2480 Etiam
1354 2452 1421 2479 istae
1438 2451 1475 2478 Pii
1491 2451 1521 2477 tv
1537 2451 1642 2477 litterae
1657 2449 1754 2476 desunt
1767 2450 1805 2482 (n.
1822 2448 1871 2482 τ.).

1221 2498 1237 2524 4
1250 2496 1362 2523 Videtur
1374 2496 1461 2531 potius
1472 2495 1577 2522 nobilis
1588 2502 1667 2529 qnam
1678 2493 1758 2520 nobis
1769 2492 1820 2527 leg.
1829 2491 1919 2527 (uxta).

1223 2542 1238 2568 5
1252 2540 1322 2567 Mate
1333 2539 1397 2567 edit.
1415 2540 1494 2567 Main.
1510 2539 1574 2574 legit
1589 2537 1729 2572 relz'yione
1745 2543 1792 2572 pro
1807 2535 1921 2570 reqione

1186 2587 1224 2620 (a.
1241 2585 1289 2619 τ.).

1922 206 1970 232 An.
1988 207 2016 232 C.
2040 207 2104 233 1⁶63

1957 1787 2029 1809 Adhuc
2051 1787 2113 1808 Bntta

1933 1815 1965 1845 Γῆ,
1986 1814 2012 1835 tv
2040 1819 2114 1840 proso-

1932 1845 2010 1868 quitur.
