2247 3208
223 213 273 242 An.
291 214 321 242 c.
344 214 410 243 1667
457 205 520 238 (3⁶22

247 1701 370 1725 Exordium.

252 2224 367 2253 Expositio.

417 263 510 296 affixa
536 262 687 304 relinqui,
709 271 788 304 quae
814 260 858 293 sic
883 260 1065 303 publicatae
1091 270 1157 292 om-

419 326 475 348 nes
492 320 523 347 et
543 315 688 355 singulos
705 324 785 356 quos
799 318 999 345 concernunt
1020 313 1155 356 perinde

418 367 559 399 afficiant
583 371 615 398 et
638 371 781 405 arctent,
808 376 843 398 ac
875 365 899 398 si
931 366 1060 398 illorum
1086 365 1157 397 uni-

417 421 531 463 cuique
549 419 768 462 personaliter
793 418 974 451 notificatae
990 418 1155 450 etintima-

418 478 466 505 tae
493 472 640 511 fuissent;
666 477 764 514 utque
791 472 976 504 earumdem
1002 481 1155 514 praesen-

416 525 495 557 tium
520 524 739 567 transumptis,
767 535 823 557 seu
855 524 1031 567 exemplis,
1060 524 1154 556 etiam

416 577 594 621 impressis,
611 588 707 610 manu
734 578 851 610 notarii
877 578 997 620 publici
1016 577 1156 610 subscri-

415 630 489 673 ptis,
517 636 549 663 et
576 630 683 672 sigillo
704 631 840 663 alicuius
865 640 1025 673 personae
1051 630 1083 662 in
1109 629 1155 662 di-

416 683 539 725 gnitate
558 683 781 716 ecclesiastica
799 683 991 715 constitutae
1010 682 1153 720 munitis,

417 736 530 768 eadem
556 747 690 779 prorsus
723 736 802 768 tides
823 736 855 768 in
880 735 998 768 iudicio
1017 740 1048 767 et
1065 740 1154 768 extra

416 788 496 821 illud
511 789 715 829 adhibeatur,
731 799 811 831 quae
828 788 1054 831 praesentibus
1067 787 1154 820 adhi-

416 843 560 880 beretur,
579 842 603 873 si
620 842 727 873 forent
744 841 907 874 exhibitae
925 842 974 873 vel
989 846 1150 873 ostensae.

460 895 575 927 Datum
608 894 750 933 Romae,
772 894 858 936 apud
886 893 917 925 S.
942 893 1071 925 Mariam
1092 893 1154 925 Ma-

417 949 545 987 iorem,
573 948 633 979 sub
667 948 787 979 annulo
814 947 1008 986 Piscatoris,
1039 946 1089 978 die
1116 957 1152 979 xx

418 1000 598 1033 decembris
622 1008 784 1039 MDCvan,
820 998 1030 1042 pontificatus
1049 999 1152 1031 nostri

418 1063 503 1085 anno
522 1063 543 1086 1.

452 1114 508 1141 Dat.
528 1115 570 1142 die
590 1114 624 1141 20
643 1114 796 1142 decembris
820 1115 895 1147 1667,
913 1114 1009 1149 pontis.
1026 1122 1096 1141 anno
1117 1123 1134 1140 1.

735 1258 836 1291 XLIII.

418 1338 627 1380 Confirmatio
660 1337 845 1369 litterarum
871 1336 1072 1369 diversorium
1093 1336 1152 1369 Ro-

460 1401 634 1423 manorum
658 1389 856 1431 Pontificum
880 1389 1155 1432 superimestitu-

459 1444 507 1475 ‘ris
529 1443 736 1486 principatus
760 1442 941 1475 Mnsserani
965 1446 993 1475 et
1018 1442 1153 1474 comita-

461 1499 511 1528 tus
537 1494 750 1538 Crepucorii¹.

628 1576 765 1602 Clemens
787 1576 865 1608 Papa
886 1576 934 1608 lx,

533 1620 569 1647 ad
589 1622 767 1653 perpetuam
788 1620 831 1646 rei
854 1619 1036 1646 memoriam.

461 1691 643 1725 Constantis
670 1697 701 1723 et
726 1691 860 1723 eximiae
879 1691 1061 1723 devotionis
1082 1689 1155 1722 ail'e-

417 1752 495 1787 ctus,
523 1757 587 1789 quo
614 1756 671 1778 nos
697 1751 726 1778 et
752 1745 929 1777 Romanam
955 1745 1091 1777 dilectus
1122 1743 1156 1775 fi-

418 1800 478 1833 lius
514 1799 631 1832 nobilis
666 1799 713 1830 vir
744 1798 931 1830 Franciscus
966 1797 1153 1830 Ludovisius

416 1852 584 1884 Ferrerius
618 1852 763 1891 Fliscus,
792 1852 966 1883 modernus
1002 1851 1154 1893 princeps

416 1904 589 1936 Masserani
607 1909 639 1936 ct
656 1904 802 1937 marchio
821 1902 1013 1946 Ciepacorii,
1031 1903 1155 1935 Vercel-

416 1957 515 1989 lensis
529 1957 697 1998 dioecesis,
712 1963 878 1989 reveretur
891 1956 1074 1996 Ecclesiam,
1087 1967 1155 1999 pro·

416 2015 559 2042 meretur
584 2015 617 2041 ut
642 2010 691 2041 liis
716 2020 798 2052 quae
824 2020 883 2052 pro
909 2010 977 2042 eius
1006 2009 1154 2049 utilitate,

417 2063 585 2094 commodo
612 2068 643 2094 et
667 2062 899 2105 tranquillitate
917 2072 1069 2094 concessa
1091 2062 1155 2093 sue—

418 2120 499 2153 runt,
528 2126 590 2157 quo
616 2115 736 2147 firmius
762 2115 958 2157 persistant,
986 2115 1154 2157 apostolici

418 2168 603 2199 muniminis
628 2168 825 2211 praesidium
850 2168 1082 2211 impartiamur.

464 2221 477 2262 ἓ
510 2220 540 2253 sl.
575 2221 696 2263 Exponi
730 2220 891 2263 siquidem
925 2221 1018 2253 nobis
1052 2231 1156 2263 nuper

422 2273 496 2304 t'ecit
519 2273 619 2305 dictus
645 2273 833 2305 Franciscus
867 2273 1041 2305 Ludovicus
1067 2273 1154 2316 quod

420 2325 498 2357 alias
514 2326 614 2358 felicis
627 2326 860 2359 recordationis
875 2327 990 2359 Paulus
1016 2327 1100 2369 Papa
1119 2325 1154 2358 llI

420 2379 653 2420 praedecessor
685 2385 794 2411 noster
826 2380 1013 2412 comitatum
1038 2379 1155 2411 Musse-

420 2431 489 2463 rani
504 2431 605 2463 dictae
621 2432 776 2464 dioecesis
788 2433 896 2475 (quem
911 2433 1072 2475 quondam
1086 2432 1155 2464 Plii-

421 2483 553 2516 libertus
579 2484 673 2516 etiam
699 2484 863 2517 Ferrerius
892 2485 1014 2517 F'liscus
1040 2485 1079 2516 ab
1105 2495 1156 2517 eo-

460 2598 470 2624 1
494 2596 530 2623 Ex
551 2596 657 2632 Regest.
678 2597 704 2624 in
725 2597 825 2625 Secret.
848 2597 923 2625 Brev.

993 212 1173 236 BULLARst'M
1197 211 1350 236 nomnen

1200 259 1271 292 dem
1288 259 1537 302 praedecessore
1563 265 1595 292 et
1617 260 1743 292 camera
1756 258 1934 303 apostolica

1198 312 1230 345 in
1256 313 1386 345 seudum
1404 314 1672 355 recognoscebat)
1687 313 1719 345 in
1740 319 1933 356 perpetuum

1199 370 1230 397 et
1255 366 1398 398 nobilem
1423 365 1686 405 marchionatum,
1708 376 1778 397 cum
1803 365 1933 398 iurisdi—

1198 419 1312 459 ctione,
1338 419 1475 462 imperio
1500 424 1531 451 et
1555 419 1652 461 gladii
1678 424 1846 461 potestate,
1869 418 1933 462 pri-

1197 472 1331 514 vilegiis,
1358 472 1630 511 immunitatibus,
1655 472 1930 514 exemptionibus,

1198 526 1408 565 facultatibus,
1428 525 1642 565 libertatibus,
1657 524 1931 567 praeeminentiis,

1197 578 1430 621 praerogativis
1445 604 1452 617 ,
1481 577 1613 611 indultis
1629 604 1636 618 ,
1671 578 1781 621 gratiis
1799 604 1806 617 ,
1833 577 1933 620 signis

1197 642 1324 674 quoque
1350 637 1382 664 et
1401 631 1548 673 insigniis
1573 631 1643 664 aliis
1660 631 1829 674 perpetuis
1846 630 1933 663 nobi·

1196 683 1280 716 libus
1302 684 1547 717 marchionibus
1565 689 1628 716 tam
1649 684 1681 716 in
1702 683 1811 727 speeie
1837 693 1934 726 quam

1196 737 1228 769 in
1254 748 1373 780 genere
1398 737 1531 770 concedi
1550 737 1665 777 solitis,
1686 742 1718 769 et
1742 736 1858 779 quibus
1880 735 1933 769 alii

1197 791 1402 823 marchiones
1427 790 1578 833 perpetui
1601 795 1633 823 et
1657 790 1786 822 nobiles
1811 799 1933 822 eorum-

1197 853 1259 886 que
1285 843 1526 876 marchionatus
1560 844 1599 876 de
1631 843 1699 875 iure
1724 843 1774 875 vel
1799 852 1934 875 consue-

1196 896 1306 928 tudine
1339 900 1393 928 aut
1424 896 1500 928 ali'as
1525 896 1770 939 quomodolibet
1799 895 1933 928 uteban-

1197 954 1267 988 tur,
1294 948 1502 991 potiebantur
1525 954 1557 981 et
1588 948 1789 991 gaudebant,
1816 958 1852 980 ac
1875 948 1931 987 uti,

1197 1001 1294 1044 potiri
1313 1007 1344 1034 et
1364 1001 1502 1044 gaudere
1520 1006 1672 1044 poterant
1689 1000 1933 1043 quomodolibet

1196 1055 1229 1087 in
1247 1054 1396 1093 futurum⁷
1411 1065 1469 1097 pro
1486 1054 1558 1098 ipso
1576 1054 1764 1094 philiberto,
1780 1053 1933 1096 quamdiu

1196 1107 1229 1140 in
1255 1108 1404 1140 humanis
1429 1113 1557 1151 ageret,
1584 1113 1615 1140 et
1647 1108 1808 1150 quondam
1835 1107 1933 1139 Besso

1197 1161 1296 1204 ipsius
1321 1161 1492 1193 philiberti
1517 1160 1746 1204 primogenito,
1772 1165 1804 1192 et
1827 1159 1872 1192 sic
1893 1159 1932 1191 de

1197 1220 1304 1247 cetero
1329 1214 1367 1246 de
1382 1213 1600 1257 primogenito
1618 1213 1651 1245 in
1667 1212 1932 1256 primogenitum,

1197 1273 1238 1307 et,
1256 1268 1319 1300 illis
1338 1267 1570 1307 deficientibus
1589 1277 1649 1310 pro
1671 1265 1932 1308 secundogenito

1197 1327 1229 1354 et
1262 1321 1330 1354 eius
1366 1321 1585 1364 primogenito
1622 1330 1659 1352 ac
1694 1318 1932 1352 successoribus

1197 1373 1442 1417 primogenitis,
1468 1373 1710 1416 motuproprio,
1739 1377 1770 1405 et
1795 1381 1832 1404 ex
1865 1371 1933 1403 eius

1197 1428 1285 1459 certa
1302 1426 1447 1466 scientia,
1470 1426 1572 1459 erexit
1591 1431 1623 1458 et
1639 1424 1788 1465 instituit,
1806 1434 1843 1456 ac
1862 1433 1934 1466 per-

1197 1479 1285 1523 petui
1316 1484 1348 1512 et
1378 1479 1496 1512 nobilis
1530 1478 1770 1512 marchionatus
1802 1476 1934 1509 nomine

1198 1538 1229 1565 et
1253 1533 1347 1565 titulo
1384 1533 1562 1573 decoravit,
1594 1532 1875 1573 philibertumque
1901 1534 1934 1562 et

1198 1586 1331 1618 Bessum
1367 1595 1403 1617 ac
1443 1595 1645 1618 successores
1680 1583 1863 1627 praedictos
1899 1582 1934 1614 in

1198 1644 1371 1682 perpetuos
1384 1637 1591 1671 marchiones
1610 1635 1782 1669 Masserani
1804 1635 1931 1674 creavit,

1198 1703 1233 1724 ac
1258 1692 1303 1725 eis
1321 1696 1352 1724 et
1369 1701 1427 1734 pro
1442 1696 1587 1734 tempore
1605 1689 1755 1722 existenti
1772 1687 1934 1721 marchio-

1198 1745 1229 1777 ni
1257 1744 1450 1785 huiusmodi,
1469 1744 1556 1786 quod
1582 1742 1815 1782 iurisdictione,
1831 1741 1934 1784 impe-

1198 1800 1247 1831 rio
1273 1804 1303 1831 et
1329 1798 1427 1841 gladii
1453 1802 1624 1840 potestate,
1651 1806 1778 1828 necnon
1802 1794 1934 1838 privile-

1199 1851 1271 1894 giis,
1298 1850 1561 1889 imimlnitatibus,
1589 1848 1864 1891 exemptionibus,
1892 1847 1935 1879 sa-

1199 1903 1381 1943 cultatibus,
1409 1902 1627 1942 libertatibus,
1653 1899 1931 1944 praeeminentiis,

1198 1956 1438 1999 praerogativis,
1465 1955 1599 1987 indultis
1626 1960 1658 1987 et
1681 1954 1803 1997 gratiis,
1825 1953 1934 1997 signis-

1199 2020 1261 2053 que
1282 2015 1313 2042 et
1336 2008 1483 2051 insigniis
1509 2007 1703 2051 praedictis,
1729 2017 1856 2040 necnon
1889 2007 1933 2039 fa-

1198 2064 1313 2095 cultate
1332 2062 1471 2095 cudendi
1490 2067 1521 2094 et
1537 2061 1610 2093 cudi
1624 2061 1761 2094 faciendi
1775 2065 1931 2099 monetas,

1198 2115 1301 2148 modis
1327 2121 1358 2148 et
1384 2114 1493 2147 formis
1515 2118 1589 2146 tunc
1606 2113 1777 2156 expressis,
1802 2112 1861 2153 uti,
1881 2122 1933 2155 po-

1199 2168 1250 2201 tiri
1277 2173 1308 2200 et
1332 2168 1473 2210 gaudere
1488 2194 1495 2207 ‚
1521 2177 1557 2199 ac
1581 2167 1643 2199 alia
1667 2176 1725 2209 per
1750 2166 1830 2198 alios
1855 2174 1933 2197 mar-

1199 2221 1333 2254 chiones
1358 2220 1391 2252 in
1416 2230 1529 2253 eorum
1554 2218 1832 2252 marchionatibus
1863 2217 1933 2251 fieri

1199 2274 1301 2314 solita,
1328 2279 1364 2306 ut
1387 2274 1579 2316 praefertur,
1599 2274 1704 2306 facere
1722 2278 1753 2305 et
1780 2281 1932 2305 exercere

1198 2327 1298 2360 libere
1324 2332 1355 2359 et
1379 2327 1466 2360 licite
1482 2328 1638 2366 valerent,
1660 2325 1821 2358 concessit
1839 2329 1871 2357 et
1889 2324 1933 2356 in-

1199 2379 1315 2419 dulsit·,
1341 2389 1377 2411 ac
1402 2379 1527 2419 deinde,
1555 2390 1591 2411 ex
1623 2377 1720 2411 certis
1753 2377 1823 2409 aliis
1856 2380 1932 2408 tunc

1199 2432 1360 2475 expressis
1376 2432 1486 2471 causis,
1498 2431 1689 2474 Crepacorii,
1701 2430 1830 2469 Quirini,
1845 2429 1932 2462 Flec-

1199 2485 1292 2517 chiae
1330 2491 1361 2517 et
1396 2485 1478 2518 Rino
1503 2491 1627 2525 castra,
1655 2490 1756 2517 terras
1781 2493 1837 2515 seu
1862 2483 1932 2515 loca

1200 2538 1304 2570 dictae
1330 2538 1466 2570 diocesis
1491 2538 1523 2569 in
1549 2537 1679 2570 seudum
1703 2547 1719 2568 a
1744 2535 1826 2568 dicta
1850 2534 1932 2568 Sede

1200 2589 1300 2623 teneri
1326 2590 1428 2630 solita,
1455 2600 1526 2622 cum
1548 2589 1698 2622 omnibus
1722 2588 1851 2622 illorum
1871 2593 1933 2620 ter—

1935 210 1990 237 An.
2006 209 2036 237 G.
2057 209 2125 237 ¹567
