2247 3208
276 217 295 243 Α
307 223 321 240 n
357 215 384 240 (ἶ.
407 215 470 240 t-‘··'27

297 1007 410 1027 Decretum

273 1036 338 1054 ritans
358 1037 378 1053 nt
400 1034 455 1054 etau-

271 1061 318 1081 51113
337 1060 422 1081 sublata.

314 1585 458 1610 Exequntores

275 1612 372 1638 deputat.

518 205 580 238 ΓΜ

473 273 537 294 11011
564 262 685 294 utendo
704 261 879 297 concessis,
899 261 1039 292 firmatas
1058 265 1113 292 aut
1132 260 1210 292 alias

471 316 621 350 vallatas,
647 318 680 345 et
705 314 812 345 forsan
839 313 909 346 aliis
935 313 1067 345 cautelis
1094 317 1125 344 et
1150 313 1209 345 de-

470 367 566 399 cretis
592 365 742 405 munitas,
762 376 891 397 causam
914 365 1098 397 donationis
1116 375 1213 407 super

469 419 584 451 iisdem
610 418 768 450 fructibus
799 423 829 450 et
863 417 1075 460 pensionibus
1114 417 1209 449 etiam

468 471 575 504 medio
602 471 786 503 cedularum
811 469 930 502 banchi
956 480 1013 501 seu
1039 469 1069 500 in
1108 469 1211 501 forma

469 523 608 565 depositi
635 522 832 555 habentibus
853 527 885 554 et
909 522 994 553 intra
1013 527 1087 554 octo
1107 531 1209 553 annos

469 576 654 619 praedictos
677 575 849 615 habituris,
869 574 993 607 etiamsi
1013 574 1082 616 ipsi,
1102 584 1118 605 a
1139 574 1210 617 qui-

469 628 529 660 bus
543 627 718 671 pensiones
734 627 923 660 huiusmodi
935 628 1109 659 solvendae
1124 632 1208 665 sunt,

468 680 530 713 iuri
556 686 587 713 et
612 680 732 713 actioni
756 680 915 723 petendae
940 681 989 712 vel
1016 679 1207 712 retinendae.

468 733 628 777 portionis
659 738 712 765 aut
742 738 830 765 ratae
857 733 956 775 partis
981 732 1209 775 pensionarios

469 791 639 828 tangentes
676 786 888 817 iureiurando
921 784 1206 823 renunciaverint,

466 840 533 871 ulla
558 838 726 881 privilesgia
743 844 798 870 aut
812 837 1032 878 indulgentias
1047 837 1106 869 sub
1132 847 1209 879 qua-

467 902 603 934 cumque
629 892 800 923 verborum
827 891 928 922 fornia
954 895 1006 921 aut
1026 889 1209 932 expressio·

468 954 507 976 ne
534 949 690 986 conrepta
716 944 822 985 quoad
849 943 912 974 hoc
936 943 1124 974 nullatenus
1142 942 1208 973 snt*-

427 997 587 1039 ir-fragari
612 997 771 1028 volumus.
807 996 922 1037 Sirque
961 1000 990 1027 et
1023 1004 1088 1026 non
1115 994 1208 1027 aliter

468 1049 500 1081 in
526 1048 701 1092 praedictis
738 1047 898 1079 universis
923 1053 954 1079 et
978 1047 1114 1089 singulis
1152 1057 1208 1089 per

469 1112 693 1145 quoscumque
718 1100 839 1133 iudices
858 1105 890 1132 et
907 1099 1146 1132 commissarios
1177 1105 1208 1132 et

468 1164 638 1187 causarum
662 1153 772 1196 palatii
795 1152 965 1195 apostolici
984 1151 1148 1184 auditores
1176 1157 1207 1184 et

467 1207 498 1239 S.
523 1207 559 1239 R.
580 1206 614 1238 E.
635 1206 814 1238 cardinales
848 1205 880 1236 in
914 1205 1023 1247 quavis
1056 1207 1150 1236 causa
1175 1210 1207 1237 et,

468 1260 630 1297 instantia,
658 1259 782 1291 sublata
808 1259 853 1291 eis
879 1264 910 1290 et
934 1268 1047 1290 eorum
1074 1258 1207 1291 cuilibet

469 1315 580 1357 quavis
607 1314 700 1346 aliter
724 1313 886 1346 iudicandi
912 1318 944 1344 et
967 1312 1205 1355 interpretandi

469 1368 620 1400 facultate
643 1373 674 1399 et
699 1367 910 1405 auctoritate,
937 1365 1073 1398 iudicari
1100 1371 1131 1398 et,
1155 1366 1208 1397 de-

468 1419 554 1451 finiri
581 1420 726 1458 debere,
753 1430 788 1451 ac
822 1418 951 1450 irritum
988 1423 1020 1450 et
1051 1419 1147 1450 inane
1181 1419 1206 1450 si

470 1483 563 1505 secus
589 1483 688 1515 super
714 1473 764 1504 his
782 1483 799 1504 a
821 1482 997 1515 quoquam,
1023 1471 1133 1514 quavis
1152 1483 1207 1503 au-

470 1525 635 1564 ctoritate,
663 1525 807 1557 scienter
832 1526 880 1557 vel
905 1525 1108 1567 ignoranter,
1136 1535 1207 1557 con-

471 1578 580 1620 tigerit
606 1577 759 1610 attentari
786 1577 1002 1609 decernimus.
1041 1576 1080 1608 Ut
1101 1582 1207 1609 antem

471 1630 660 1663 huiusmodi
686 1630 828 1662 decimae
869 1629 992 1662 facilius
1017 1629 1206 1672 exigantur,

472 1683 708 1715 fraternitatem
744 1688 829 1715 tuam
855 1693 891 1715 ac
916 1683 1120 1715 venerabiles
1147 1684 1208 1715 sra-

471 1742 535 1768 tres
561 1736 761 1779 patriarchas
787 1735 995 1768 Venetiarnm
1021 1741 1053 1767 et
1078 1736 1208 1779 Aquile-

470 1788 596 1820 iensem
616 1788 654 1819 ad
673 1787 774 1820 dictas
793 1787 934 1819 decimas
949 1787 1135 1829 exigendas,
1151 1789 1208 1821 du-

472 1841 567 1883 cique
603 1846 635 1872 et
665 1840 808 1873 dominio
834 1841 1017 1883 praedicto,
1044 1841 1108 1873 sive
1141 1841 1208 1874 eius

472 1894 628 1926 ministris
647 1894 685 1926 ad
711 1894 742 1926 id
768 1894 953 1936 specialiter
966 1894 1209 1936 deputatis,sta-

473 1946 540 1985 tim,
563 1948 649 1979 nulla
674 1946 866 1989 interposita
884 1949 981 1985 mora,
1001 1953 1033 1979 et
1057 1947 1126 1979 sine
1152 1948 1209 1980 ali—

475 2002 537 2042 qua
551 2010 683 2042 prorsus
702 2000 929 2037 diminutione,
946 2001 1138 2040 retentione,
1158 2007 1211 2033 aut

476 2051 687 2089 detractione.
710 2052 807 2084 etiam
831 2062 896 2084 non
923 2052 1093 2085 detractis¹
1120 2054 1211 2096 quin-

475 2114 535 2146 que
550 2114 610 2147 pro
624 2104 808 2137 centenario
823 2114 967 2137 camerae
981 2110 1108 2137 nostrae
1123 2116 1211 2148 prae.-

475 2156 578 2189 dictae
603 2157 634 2189 in
666 2158 832 2190 exactione
868 2158 976 2190 talium
1011 2158 1210 2191 decimarum

473 2208 629 2251 applicari
656 2211 838 2250 consuetis,
866 2210 992 2253 integre
1017 2211 1211 2253 consignan-

474 2262 551 2301 das,
576 2264 766 2295 earumdem
793 2263 987 2296 decimarum
1019 2265 1209 2297 collectores

473 2319 505 2347 et
525 2321 692 2348 exactores
711 2316 937 2348 constituimus
956 2322 987 2348 et
1005 2317 1207 2359 deputamus.

474 2367 519 2399 Ac
537 2367 593 2399 tibi
620 2373 650 2399 et
674 2368 867 2410 patriarchis
893 2368 1099 2402 venetiarum
1119 2375 1149 2401 et
1174 2370 1212 2401 Α-

476 2419 710 2461 quileiensibus
728 2422 915 2463 praedictis,
930 2432 990 2465 pro
1007 2432 1107 2454 onere
1126 2423 1210 2465 quod

477 2481 509 2504 111
536 2473 703 2505 exactione
722 2474 920 2507 decimarum
941 2475 1127 2508 huiusmodi
1145 2486 1212 2508 sus-

516 2586 529 2613 1
552 2585 621 2613 Edit.
638 2586 717 2614 Main.
735 2587 798 2622 legit
813 2587 958 2616 detractus
971 2589 1012 2622 (11.
1028 2590 1077 2623 1.).

1058 211 1236 236 intumum
1261 211 1411 237 ROMANUM

1259 259 1418 299 tinebitis‚
1446 267 1583 303 quatuor
1611 263 1711 296 millia
1748 269 1835 298 scuta
1864 265 1933 298 auri
1959 265 1992 299 in

1257 321 1335 344 auro
1361 322 1397 344 ex
1424 313 1545 346 eisdem
1571 314 1702 347 decimis
1728 317 1939 358 detrahenda,
1961 323 1994 351 et

1255 364 1385 397 illorum
1423 366 1627 399 medietatem
1659 368 1744 401 inter
1776 380 1831 402 vos
1857 381 1914 414 pro
1939 381 1992 404 ae-

1256 418 1341 460 quali
1367 418 1520 460 portione
1538 424 1569 451 et
1584 420 1729 461 quolibet
1744 432 1829 455 anno
1847 424 1991 457 eiusdem

1255 470 1395 502 octennii
1411 481 1470 514 pro
1486 473 1553 503 rata
1568 472 1793 507 distribuenda
1807 480 1839 507 et
1852 476 1992 509 dividen-

1255 523 1316 560 da,
1343 523 1500 566 reliquam
1524 534 1599 557 vero
1632 526 1838 560 medietatem
1863 530 1991 562 subcol-

1255 576 1429 608 lectoribns
1453 581 1485 607 et
1510 576 1579 609 aliis
1605 579 1829 619 exactoribus,
1856 591 1892 613 ac
1916 592 1991 625 pro-

1253 628 1456 661 curatoribus
1492 629 1530 661 ad
1564 631 1692 663 easdem
1718 631 1858 665 decimas
1893 635 1988 667 colli-

1253 681 1373 722 gendas
1399 681 1572 723 deputatis,
1600 682 1695 715 etiam
1722 685 1870 726 quolibet
1894 696 1990 727 anno,

1253 743 1311 775 pro
1336 735 1417 771 rata,
1443 734 1550 766 habita
1575 734 1700 767 ratione
1727 736 1848 770 laboris
1872 743 1904 771 et
1928 749 1992 771 am-

1252 785 1421 828 plitudinis
1446 786 1676 830 cuiuscumque
1691 788 1828 822 civitatis
1850 796 1882 822 et
1900 791 1990 824 dioe-

1252 838 1344 877 cesis,
1372 839 1442 871 loco
1467 840 1576 872 salarii
1603 850 1658 872 seu
1687 841 1840 884 stipendii
1862 848 1894 876 et
1910 854 1990 876 mer-

1252 890 1340 922 cedis
1359 891 1587 933 assignandam
1610 899 1642 924 et
1659 894 1927 935 distribuendam,
1946 896 1990 929 ita

1252 947 1359 975 tamen
1379 948 1413 974 ut
1430 954 1494 976 non
1515 946 1686 987 quotannis
1704 947 1891 983 huiusmodi
1911 960 1989 992 qna-

1252 1000 1325 1028 tuor
1348 997 1449 1029 millia
1475 1003 1578 1033 scuta.
1605 999 1661 1031 sed
1686 999 1717 1031 in
1744 1005 1812 1033 toto
1837 1002 1989 1035 octennio

1250 1048 1376 1091 integra
1401 1059 1521 1082 summa
1547 1051 1734 1084 eorumdem
1761 1057 1899 1095 quatuor
1918 1054 1990 1087 mil-

1251 1100 1327 1133 lium
1353 1106 1517 1134 scutorum
1550 1113 1610 1146 pro
1636 1106 1702 1136 rata
1729 1105 1876 1147 quolibet
1901 1117 1986 1140 anno

1251 1154 1462 1194 detrahatur,
1488 1166 1523 1187 ac
1548 1161 1610 1188 tam
1634 1166 1690 1189 vos
1714 1164 1745 1190 et
1776 1158 1913 1200 quilibet
1937 1170 1990 1192 ve-

1250 1211 1360 1245 strum,
1388 1218 1482 1250 quam
1507 1207 1567 1251 ipsi
1589 1209 1860 1250 subcollectores,
1883 1217 1915 1244 et
1935 1212 1988 1244 alii

1250 1259 1418 1302 praedicti,
1444 1261 1569 1293 ratione
1588 1261 1748 1294 fructuum
1777 1264 1990 1298 ecclesiarum

1250 1314 1365 1356 quibus
1389 1325 1475 1347 nunc
1498 1324 1653 1358 praeesse
1672 1316 1913 1358 dignoscimini,
1935 1323 1989 1350 aut

1250 1366 1453 1409 inposterum
1490 1367 1643 1410 praefici,
1670 1370 1719 1402 vel
1753 1369 1988 1403 beneficiorum

1250 1419 1466 1459 obtentorum,
1493 1426 1547 1452 aut
1572 1431 1653 1463 qnae
1679 1421 1840 1462 obtinere,
1862 1433 1988 1456 necnon

1251 1472 1408 1505 fructuum
1429 1478 1461 1505 et
1484 1473 1678 1516 pensionum
1702 1480 1939 1508 reservatorum
1958 1481 1989 1508 et

1250 1525 1551 1567 assignatarmn,ae
1576 1537 1658 1569 quos
1684 1532 1716 1559 et
1741 1538 1820 1570 quas
1840 1527 1928 1561 vobis
1943 1538 1990 1561 as-

1250 1570 1531 1621 signari'posthac
1555 1579 1737 1621 contigerit,
1771 1580 1913 1613 decimas
1941 1582 1989 1624 ip-

1250 1641 1299 1663 sas
1325 1641 1382 1673 pro
1408 1633 1511 1663 vestra
1537 1637 1568 1663 et
1592 1632 1721 1664 illorum
1745 1634 1814 1664 rata
1852 1639 1883 1665 et
1917 1633 1989 1666 illo-

1250 1694 1320 1716 rum
1346 1684 1525 1727 quemlibet
1552 1689 1704 1727 tangente
1731 1685 1856 1728 integre
1874 1691 1904 1718 et
1922 1696 1988 1719 rea-

1251 1737 1324 1769 liter
1349 1738 1535 1779 persolvere
1560 1738 1694 1770 omnino
1731 1739 1929 1779 teneamini,
1958 1745 1989 1772 et

1251 1789 1335 1821 dicta
1360 1790 1578 1832 assignatione
1605 1796 1636 1823 et
1658 1791 1884 1824 distributione
1912 1802 1989 1825 con-

1252 1843 1328 1874 tenti
1355 1853 1426 1875 esse
1453 1843 1608 1883 debeatis,
1627 1854 1685 1876 nec
1706 1845 1883 1888 quidquam
1900 1846 1988 1878 aliud

1250 1906 1306 1928 vos
1329 1901 1360 1928 et
1376 1902 1517 1929 vestrum
1536 1897 1673 1940 quilibet
1689 1899 1904 1940 praetendere
1922 1909 1989 1942 pos-

1252 1948 1332 1981 sitis.
1359 1948 1427 1981 Tibi
1453 1955 1486 1981 et
1509 1949 1580 1982 aliis
1597 1950 1769 1992 praedictis
1788 1962 1805 1983 a
1826 1951 1918 1984 dictis
1935 1962 1990 1994 pa-

1253 2001 1408 2040 triarchis,
1435 2002 1699 2045 archiepiscopis,
1726 2003 1900 2045 episcopis,
1921 2005 1988 2036 ele-

1253 2053 1319 2093 ctis,
1347 2053 1672 2093 administratoribus,
1694 2055 1987 2095 commendatariis,

1253 2106 1431 2146 abbatibus,
1448 2106 1623 2149 prioribus,
1644 2107 1847 2150 praepositis,
1869 2108 1990 2150 capitu·
2031 2143 2034 2145 ,

1254 2157 1302 2197 lis,
1329 2158 1541 2190 conventibus
1566 2164 1597 2190 et
1614 2158 1684 2191 aliis
1705 2160 1851 2202 personis
1878 2162 1990 2203 (supra

1253 2211 1413 2253 expressis
1439 2211 1596 2254 exceptis)
1622 2212 1753 2245 easdem
1787 2213 1928 2247 decimas
1955 2219 1991 2246 ut.

1253 2264 1435 2306 praefertur
1464 2274 1524 2307 per
1548 2274 1607 2296 nos
1639 2264 1807 2307 impositas
1840 2266 1987 2309 petendi,

1254 2316 1403 2358 exigendi
1430 2322 1461 2349 et
1485 2317 1682 2359 colligendi,
1717 2318 1829 2361 eisque
1861 2324 1924 2350 tam
1955 2318 1988 2351 in

1254 2380 1372 2411 genere
1398 2380 1492 2412 quam
1523 2370 1714 2402 nominatim
1738 2376 1769 2403 et
1792 2371 1824 2402 in
1850 2371 1959 2414 speeie
1976 2397 1986 2410 ,

1255 2428 1288 2453 ut
1312 2422 1384 2455 illas
1410 2423 1547 2461 solvant,
1575 2424 1634 2455 sub
1660 2423 1848 2465 privationis
1872 2423 1989 2456 benesi-

1255 2476 1377 2508 ciorum
1411 2476 1703 2508 ecelesiasticorum
1739 2486 1796 2518 per
1829 2486 1883 2508 eos
1908 2487 1988 2520 quo-

1255 2529 1434 2561 modolibet
1468 2529 1692 2561 obtentorum.
1724 2528 1859 2571 aliisque
1892 2535 1989 2572 prout

1255 2580 1347 2613 nobis
1368 2580 1529 2612 videbitur
1542 2580 1656 2622 poenis
1674 2580 1767 2612 etiam
1782 2581 1988 2622 pecuniariis,

1999 220 2046 245 An.
2063 219 2090 246 c.
2113 207 2181 249 1667
