2247 3208
133 222 184 249 An.
204 222 232 248 C.
253 222 320 250 4663
919 219 1102 242 &immersa
1128 220 1170 242 rii
1196 220 1243 242 pp,
1740 212 1799 243 irat
1847 223 1893 244 ,m
1913 220 1939 244 «3.
1968 219 2031 246 :4363

329 281 389 303 nas
414 269 612 313 praedictas,
640 274 814 311 ceteraque
835 267 914 299 iuris
933 272 965 299 et
991 266 1064 299 sacti
1101 266 1348 299 contirimitiom·
1368 268 1560 309 apostolica,
1580 271 1628 301 vel
1648 269 1760 312 quavis
1786 271 1838 301 tir-

328 321 486 360 remedia,
517 320 605 354 omni
631 326 663 351 et
687 330 893 363 quacumque
920 319 1065 362 appella·
1100 318 1211 350 mitate
1238 319 1300 351 alia
1325 320 1502 360 roboratis,
1537 323 1668 354 statutis
1703 328 1735 354 et
1760 333 1838 355 con-

328 375 417 408 tione
443 376 592 412 remota,
620 373 861 416 compescendo
879 399 886 412 ,
913 372 1064 404 invocato
1100 372 1344 411 suetudinilms,
1364 373 1546 416 privilegiis
1565 385 1710 418 quoque,
1729 376 1837 408 indul-

328 428 425 460 etiam
452 427 641 470 supradicto
672 426 791 459 auxilio
817 425 942 457 bracliii
969 435 1064 457 seeu-
1099 423 1138 455 tis
1172 428 1204 455 ct
1232 425 1350 457 litteris
1381 427 1584 468 apostolicis,
1615 430 1674 461 sub
1701 429 1836 471 quibus-

327 480 418 513 laris·
1097 486 1237 519 cumque
1255 478 1431 510 verborum
1458 481 1628 513 tenoribus
1647 486 1678 513 et
1702 482 1833 522 formis,

371 532 385 576 5
410 531 461 565 ¹10.
489 532 558 565 Non
585 532 791 565 obstantibus
817 530 1007 574 praedietis,
1026 541 1063 563 ao
1097 542 1132 562 ac
1158 540 1231 562 cum
1266 530 1436 573 quibusvis
1474 532 1570 565 etiam
1609 534 1835 577 derogatoria-

327 587 441 619 nostra
465 591 497 618 et
521 585 738 618 concellariae
772 583 972 626 apostolicae
1012 593 1168 627 rc-1rum
1201 583 1434 625 derogatoriis,
1467 585 1607 628 aliisque
1644 587 1834 620 efficaciori-

327 639 403 681 gula
428 639 467 671 de
493 639 564 671 iure
591 637 740 681 quaesito
762 647 826 668 non
846 636 1005 675 tollendo,
1026 647 1062 668 ac
1078 651 1081 703 ι
1095 637 1169 675 bus,
1197 635 1431 668 efficacissimis
1457 642 1488 669 et.
1506 638 1645 670 insolitis
1664 640 1832 680 clausulis,

325 691 442 734 legatis
460 718 467 731 ,
495 690 723 729 testamentis,
751 689 934 728 codicillis,
962 689 1370 745 dona-¹irritantiluisque
1396 694 1428 722 ct
1453 691 1524 723 aliis
1550 691 1702 731 decretis,
1721 693 1752 724 in
1780 704 1834 735 gc-

327 744 485 783 tionibus,
512 743 774 785 elargitionilms,
802 753 838 774 ae
862 742 933 774 aliis
953 742 1175 784 dispo-*nere
1211 743 1262 774 vel
1288 742 1319 773 in
1345 743 1469 784 specie,
1496 744 1628 776 :toalias
1654 744 1685 776 in
1704 751 1834 777 contra-

325 795 502 828 sitionibus
528 805 565 827 ex
591 805 797 838 quacumque
831 797 941 833 causa,
968 788 1180 830 occa-frium
1207 794 1458 836 quomodolibet
1483 796 1664 836 concessis,
1692 797 1833 840 aliisque

325 848 430 888 sione,
458 853 490 881 et
511 853 661 891 tempore
681 848 840 880 hactenns
860 847 965 887 sactis,
985 858 1062 879 con·
1077 836 1079 899 l
1096 846 1248 879 omnibus
1274 853 1303 879 et
1331 847 1481 890 singulis,
1509 849 1637 881 etiamsi
1667 849 1832 893 aliquibus

325 900 413 941 ditis,
445 900 617 940 emanatis,
650 900 839 944 publicatis,
875 900 1315 950 exesliiiitis,3communiter
1339 906 1391 933 aut
1419 901 1546 933 divisim
1579 903 1619 933 ab
1652 903 1764 935 cadem
1791 903 1834 935 sit

150 548 265 569 Contrariis
276 547 312 569 de·

127 576 195 600 rogat.

324 957 358 986 et
382 953 564 986 observatis
590 953 786 996 respective,
813 953 910 986 etiam
940 953 1078 998 aliena-l

324 1007 445 1046 tiones,
471 1006 731 1045 immutationes,
759 1011 814 1038 aut
839 1007 918 1039 alias
948 1002 1078 1040 condi-3

325 1059 432 1092 tiones
450 1058 520 1092 fieri
539 1059 729 1102 specialiter
755 1064 785 1092 et
805 1070 960 1102 expresse
986 1058 1078 1103 pro-³

326 1111 530 1152 bibentibus,
553 1123 598 1151 ac,
618 1112 650 1144 in
668 1117 821 1144 eventum
839 1112 1058 1153 alienationis,
1076 1137 1078 1151 ,

324 1165 575 1205 immutationis,
612 1165 678 1197 sive
716 1176 781 1198 non
814 1164 1079 1208 adimplenmnn'

325 1218 563 1260 obligationum
599 1224 631 1251 et
648 1229 786 1252 onerum
804 1219 836 1252 in
855 1219 901 1252 eis
926 1224 1061 1252 conten-

324 1276 451 1311 torum,
478 1276 533 1303 aut
566 1271 702 1304 alterius
733 1272 981 1315 dispositionis,
1008 1273 1060 1315 pia

323 1327 380 1356 aut
404 1324 467 1356 alia
490 1325 562 1357 loca
587 1324 684 1357 etiam
721 1326 814 1368 plura
843 1325 957 1358 ordine
989 1336 1079 1378 suc-¹

324 1376 452 1410 cessivo
477 1377 549 1420 ipso
575 1377 660 1410 sacto
686 1378 979 1419 substituentibns,
1011 1380 1079 1418 veli

324 1429 381 1462 illa
405 1429 445 1462 ad
470 1430 631 1463 haeredes
657 1430 765 1463 redire
791 1431 924 1463 omuino
950 1433 1062 1465 volen-

326 1481 426 1522 tibus,
452 1493 490 1515 ac
514 1483 594 1515 alias
613 1484 864 1526 quomodolibet
880 1484 913 1516 in
932 1490 1079 1518 contra-z

325 1535 410 1567 rium
436 1535 590 1575 conditis,
623 1547 660 1569 ao
690 1547 899 1580 quocumque
930 1537 1061 1570 vinculo

325 1586 494 1628 ti1·matis¹,
521 1594 554 1621 et
578 1589 650 1622 aliis
676 1590 774 1623 etiam
799 1591 922 1623 ultimis
948 1592 1062 1624 volun-

326 1641 446 1673 tatibus
461 1641 494 1673 in
508 1642 709 1675 contrarium
728 1644 972 1686 praedictorum
988 1655 1063 1688 quo-

327 1694 508 1727 modolibet
532 1695 785 1738 disponentibus
818 1697 928 1740 (quae,
956 1699 1062 1740 quoad

327 1747 521 1790 praemissa,
537 1747 750 1789 sufficienter,
767 1750 957 1793 specialiter
970 1756 1001 1783 et
1015 1762 1063 1783 ex-

327 1809 443 1842 presse
457 1802 721 1843 commutamus),
740 1812 776 1834 ae
790 1802 864 1845 piae
884 1804 1062 1836 memoriae

329 1852 485 1885 Bonisacii
511 1853 616 1896 Papae
634 1854 697 1886 vlll
728 1855 767 1887 de
797 1856 873 1895 una,
893 1861 924 1888 et
941 1855 973 1887 in
992 1867 1065 1889 eon-

329 1904 405 1937 cilio
431 1905 578 1947 generali
611 1905 697 1938 edita
728 1906 767 1938 de
796 1907 922 1939 duabus
949 1908 1083 1949 dictis,„

330 1963 363 1990 et
400 1958 597 2001 Symmachi,
631 1959 721 1992 Pauli
754 1959 791 1999 II,
827 1966 858 1992 et
888 1960 978 1993 Pauli
1015 1961 1063 2001 IV,

330 2010 537 2054 aliorumque
577 2011 799 2045 Romanorum
839 2013 1033 2046 Pontificum
1057 2035 1083 2054 ,‚

331 2063 428 2096 etiam
454 2065 493 2097 de
519 2065 617 2097 rebus
644 2065 808 2098 Ecclesiae
827 2077 892 2098 non
921 2067 1066 2099 alienan-

331 2117 394 2158 dis,
419 2128 456 2150 ac
480 2118 615 2158 nostris,
643 2123 804 2161 quatenus
831 2119 863 2151 in
881 2119 992 2163 aliquo
1009 2121 1067 2153 ob-

332 2174 432 2210 stent,
461 2170 600 2213 aliisque
636 2171 929 2204 constitutionibus
959 2177 990 2205 et
1015 2182 1067 2205 or-

333 2222 557 2255 dinationibus
586 2224 791 2266 apostolicis,
817 2235 854 2257 ac
877 2225 910 2256 in
937 2225 1068 2258 univer-

333 2275 474 2315 salibus,
500 2276 758 2319 provincialibus
792 2283 825 2309 et
856 2278 1068 2320 synodalibus

334 2328 482 2361 conciliis
501 2328 606 2368 editis,
629 2329 839 2371 generalibus
868 2331 920 2363 vel
943 2331 1070 2373 specia-

335 2382 443 2422 libus,
470 2382 763 2416 constitutionibus
790 2387 823 2415 et
854 2383 1071 2416 ordinationi-

335 2436 405 2475 bus,
418 2446 454 2468 ac
469 2435 771 2478 congregationum,
783 2436 1069 2477 monasteriorum,

336 2493 558 2521 conventuum
584 2493 616 2520 et
633 2487 789 2520 Ordinum
811 2489 1070 2531 praedictorum,

337 2541 475 2584 aliisque
502 2540 716 2584 quibuslibet,
751 2540 849 2573 etiam
873 2541 1072 2583 iuramento,

374 2603 386 2629 1
407 2601 475 2629 Mate
495 2601 560 2629 edit.
581 2602 661 2629 Main.
682 2601 755 2637 legit.
776 2602 928 2637 firmitatis
947 2605 987 2639 (R.
1007 2606 1057 2638 Τ.).

419 2654 497 2681 Ball.
518 2654 601 2682 Rom.
622 2669 656 2674 —
679 2654 737 2683 Vol.
758 2654 850 2682 XVII.
996 2656 1030 2683 ΞΟ

1095 952 1177 986 Sede
1203 954 1365 986 indultum
1397 955 1484 997 quod
1509 955 1547 987 ad
1573 955 1832 998 praestationem

1095 1007 1145 1038 vel
1170 1006 1369 1039 solutionem
1401 1006 1540 1050 aliquam
1575 1007 1708 1040 minime
1741 1014 1833 1042 tene-

1095 1064 1203 1100 antur,
1240 1060 1302 1092 nec
1334 1060 1372 1092 ad
1404 1060 1435 1092 id
1469 1061 1647 1101 ullatenus,
1681 1067 1736 1093 aut
1769 1063 1831 1095 nisi

1077 1114 1155 1155 lper
1179 1112 1321 1155 capitula
1347 1113 1525 1154 generalia,
1552 1118 1584 1145 et
1609 1114 1715 1146 causis
1733 1114 1764 1146 in
1784 1115 1831 1147 cis

1094 1165 1186 1208 prius
1211 1166 1392 1208 propositis·
1428 1170 1622 1208 matureque
1653 1167 1830 1207 discussis,

1095 1218 1270 1261 compelli,
1297 1218 1449 1250 interdici
1475 1220 1524 1251 vel
1554 1220 1832 1252 excommunicari

1095 1281 1161 1303 non
1182 1270 1308 1313 possint
1327 1280 1388 1313 per
1405 1271 1531 1303 litteras
1546 1272 1745 1314 apostolicas
1765 1283 1831 1304 non

1096 1324 1253 1356 facientes
1279 1324 1410 1366 plenam
1430 1324 1468 1355 de
1488 1323 1574 1356 dicto
1593 1325 1720 1357 indulto
1742 1336 1833 1357 men-

1097 1377 1232 1417 tionem,
1260 1381 1291 1409 et
1317 1376 1521 1419 quibuslibet
1538 1377 1609 1410 aliis
1634 1377 1830 1420 privilegiis,

1096 1430 1373 1473 exemptionibus,
1406 1429 1621 1472 indulgentiis
1656 1435 1687 1463 ct
1712 1431 1831 1463 litteris

1096 1482 1299 1526 apostolicis,
1321 1482 1530 1524 generalibus
1550 1484 1599 1515 vel
1618 1483 1831 1526 specialibus,

1097 1545 1380 1578 quorumcumque
1408 1540 1560 1567 tenorum
1593 1536 1746 1576 existant,
1773 1547 1834 1580 pei·

1097 1599 1179 1632 quae
1214 1588 1446 1631 praesentibus
1484 1599 1549 1621 non
1582 1599 1738 1632 expressa
1781 1591 1831 1622 vel

1097 1642 1230 1675 omnino
1255 1641 1380 1674 inserta
1398 1643 1587 1674 eafflmdem
1606 1643 1832 1685 praesentium

1098 1699 1129 1727 et
1162 1705 1221 1738 per
1258 1695 1346 1737 ipsas
1378 1694 1556 1727 attributae
1592 1695 1756 1728 facultatis
1802 1700 1835 1727 et

1097 1748 1302 1780 auctoritatis
1335 1746 1469 1780 etl'ectus
1501 1752 1533 1780 et
1564 1748 1741 1791 exequutio
1775 1749 1834 1781 im-

1098 1800 1204 1844 pediri
1229 1802 1335 1833 valeat
1361 1801 1610 1843 quomodolibet
1627 1802 1677 1834 vel
1697 1801 1832 1842 differri,

1099 1854 1194 1886 etde
1228 1853 1347 1896 quibus
1386 1864 1568 1897 eorumque
1603 1854 1678 1886 totis
1712 1855 1834 1887 tenori-

1098 1907 1158 1938 bus
1184 1917 1221 1939 ao
1246 1907 1328 1939 datis
1355 1907 1394 1939 dc
1420 1907 1521 1939 verbo
1546 1907 1585 1939 ad
1616 1908 1753 1939 verbum
1778 1908 1835 1939 ha-

1099 1959 1206 1992 benda
1239 1958 1310 1992 est¹
1343 1959 1375 1991 in
1407 1960 1528 1992 nostris
1562 1960 1680 1992 litteris
1710 1960 1834 1993 mentio

1100 2012 1269 2055 specialis,
1297 2012 1415 2055 quibus
1442 2013 1593 2045 omnibus
1623 2018 1655 2045 et
1683 2014 1833 2056 singulis,

1101 2065 1228 2098 etiamsi
1253 2076 1313 2108 pro
1339 2066 1472 2098 illorum
1498 2065 1671 2098 sufficienti
1698 2068 1836 2110 deroga-

1102 2118 1190 2150 tione
1217 2118 1256 2150 de
1288 2118 1353 2151 illis
1388 2129 1570 2162 eorumque
1601 2120 1678 2152 totis
1713 2121 1837 2153 tenori-

1100 2172 1161 2202 bus
1187 2171 1352 2213 specialis,
1379 2170 1545 2214 specifica,
1565 2183 1722 2215 expressa
1740 2178 1771 2205 et
1789 2173 1837 2205 in-

1102 2223 1244 2263 dividua,
1271 2234 1307 2256 ae
1332 2223 1373 2256 de
1398 2225 1499 2257 verbo
1532 2225 1571 2257 ad
1597 2225 1744 2265 verbum,
1771 2236 1837 2259 non

1103 2280 1211 2308 autem
1248 2285 1308 2319 per
1340 2276 1504 2309 clausulas
1542 2278 1713 2319 generales
1750 2278 1837 2311 idem

1103 2329 1342 2372 importantes,
1368 2329 1491 2362 mentio
1522 2341 1579 2363 seu
1613 2331 1745 2374 quaevis
1776 2332 1839 2364 alia

1105 2382 1275 2425 expressio
1302 2383 1454 2415 habenda
1479 2388 1534 2415 aut
1558 2384 1668 2427 aliqua
1693 2385 1754 2417 alia
1787 2396 1840 2417 ex-

1106 2436 1227 2479 quisita
1250 2435 1354 2468 forma
1378 2436 1418 2468 ad
1452 2436 1514 2469 hoc
1546 2438 1707 2470 servanda
1740 2438 1838 2478 soret,

1106 2489 1239 2522 illorum
1264 2493 1409 2529 tenores,
1437 2500 1564 2531 causas,
1591 2490 1711 2523 formas
1730 2496 1762 2524 et
1786 2501 1840 2523 oc-

1107 2541 1256 2575 casiones
1281 2542 1513 2585 praesentibus
1532 2553 1592 2586 pro
1610 2544 1707 2586 plene
1726 2548 1757 2577 et
1775 2543 1841 2576 sus-

1144 2605 1156 2630 1
1179 2603 1273 2639 Aptius
1292 2603 1349 2639 lege
1369 2604 1405 2631 sit
1423 2612 1472 2638 pro
1492 2608 1532 2631 est
1550 2609 1590 2639 tn.
1607 2604 1655 2640 L).
