2247 3208
196 212 245 236 Aa.
269 211 296 237 0.
323 210 387 237 1607
434 200 497 233 5118

220 907 356 928 Betui-matio.

391 257 626 291 sustentatione
663 266 728 288 non
760 256 853 288 aliter
885 256 1047 298 provisum
1084 256 1127 287 sit

390 322 486 354 quam
512 320 548 342 ex
575 309 653 341 taxis
679 308 856 341 maioribus
875 313 906 341 et
925 308 1126 351 gravioribus

390 362 622 395 excedentibus
649 366 736 393 taxas
761 360 899 393 aliorum
916 360 1126 393 tribunalium

389 421 420 447 et
435 415 610 458 praecipue
630 413 778 456 gubernii
799 413 906 453 Urbis,
934 418 1029 457 atque
1050 414 1128 446 hinc

388 467 559 511 dispendia
584 472 614 500 et
638 467 863 510 querimoniae
882 467 1029 499 oriantur
1053 467 1126 499 illo-

387 532 482 561 rum,
516 530 652 563 quorum
679 519 837 552 beneficio
868 525 1012 552 erectum
1041 519 1125 559 suit;

388 574 539 616 quodque
571 583 608 606 ex
641 572 852 605 tribunalium
889 572 1127 615 multiplicitate

389 627 576 670 frequenter
607 626 835 658 contentiones
868 636 967 669 super
996 625 1128 658 iurisdi-

388 681 494 713 ctione
519 680 700 722 insurgunt,
725 689 855 712 necnon
880 678 965 711 inter
982 689 1050 711 sese
1065 678 1128 711 dis-

389 738 558 776 crepantes
596 743 794 776 processus,
834 743 915 775 quae
951 732 1061 765 omnia
1097 736 1129 764 et

389 786 451 819 reis
483 786 647 819 molestias
673 790 871 828 aggravant,
899 790 929 818 et
962 795 1127 818 causarum

389 839 586 883 expeditioni
612 839 848 882 impedimento
875 844 973 871 sunt:

432 894 446 935 §
471 892 502 926 3.
530 892 684 932 Proinde,
711 892 915 924 subditorum
939 896 1129 924 nostrorum

375 945 559 978 -commodo
585 950 616 978 et
641 950 731 978 recto
757 944 897 977 iustitiae
919 944 1029 977 cursui
1055 954 1130 977 con-

389 999 542 1037 sulentes,
564 999 798 1030 nonnullorum
815 997 1051 1030 venerabilium
1070 997 1130 1029 sra-

390 1056 474 1083 trum
499 1055 687 1083 nostrorum
718 1050 748 1082 S.
782 1050 819 1082 R,
854 1050 888 1082 E.
917 1049 1129 1082 cardinalium

389 1104 429 1136 ad
455 1104 518 1136 hoc
543 1114 559 1136 a
583 1103 676 1135 nobis
694 1102 880 1145 specialiter
897 1103 1129 1145 deputatorum

390 1156 529 1199 desuper
561 1156 676 1188 auditis
703 1155 896 1195 sententiis,
930 1155 991 1188 hac
1016 1156 1130 1188 nostra

388 1214 546 1251 perpetuo
570 1208 707 1240 valitura
740 1208 971 1241 constitutione
1003 1209 1130 1251 praesa-

389 1266 454 1294 tam
478 1261 548 1294 Iulii
575 1261 718 1304 aliasque
745 1272 963 1305 quascumque
995 1262 1130 1304 praede-

389 1324 556 1347 cessorum
582 1319 769 1347 nostrorum
805 1315 1058 1347 constitutiones
1095 1325 1130 1347 ac

389 1368 512 1401 litteras
538 1368 699 1411 (quarum
737 1374 868 1401 tenores
900 1368 951 1400 bic
982 1378 1042 1410 pro
1077 1378 1130 1400 ex-

389 1421 512 1463 pressis
538 1427 569 1453 et
593 1421 722 1454 insertis
749 1422 861 1454 haberi
886 1422 1061 1465 volumus)
1094 1427 1130 1453 ut

388 1474 575 1516 praefertur
599 1480 777 1514 emanatas,
796 1474 829 1507 in
843 1476 880 1507 ea
897 1480 1021 1507 tantum
1038 1479 1129 1517 parte

389 1527 440 1559 cui
466 1527 548 1559 haec
573 1533 685 1560 nostra
710 1528 896 1560 constitutio
927 1528 1128 1568 adversatur,

389 1590 579 1613 revocamus
606 1586 637 1613 et
661 1582 884 1621 annullamus,
918 1592 996 1624 quas
1022 1587 1130 1614 tamen

389 1634 421 1665 in
447 1634 582 1677 reliquis
621 1634 654 1666 in
690 1645 747 1667 suo
779 1635 900 1667 robore
937 1645 1129 1677 permanere

388 1688 551 1719 volumus.
572 1687 609 1719 Et
629 1687 660 1718 in
683 1687 824 1719 futurum
851 1688 1002 1720 dilectum
1026 1687 1129 1720 fllium

389 1750 475 1771 nunc
500 1745 532 1771 et
555 1750 615 1782 pro
643 1745 788 1783 tempore
815 1740 1008 1773 existentem
1026 1741 1129 1773 almae

390 1791 485 1824 Urbis
523 1798 655 1825 nostrae
680 1794 956 1835 gubernatorem,
984 1793 1129 1826 eiusdem

389 1844 484 1886 burgi
522 1846 844 1887 viceguberuatorem
878 1846 1033 1889 privative
1068 1856 1129 1889 pro

391 1898 496 1930 causis
523 1898 682 1935 civilibus,
709 1899 931 1932 crimimilibus
952 1903 984 1931 et
1007 1898 1128 1938 mixtis,

391 1960 462 1982 cum
489 1951 638 1983 omnibus
676 1952 881 1984 facultatibus
915 1952 976 1984 sibi
1001 1952 1034 1983 in
1059 1951 1130 1983 aliis

392 2004 497 2036 dietae
525 2004 618 2036 Urbis
642 2004 854 2046 regionibus,
888 2005 984 2037 etiam
1018 2005 1129 2047 vigore

391 2056 574 2089 litterarum
599 2068 654 2089 seu
673 2057 980 2100 cliirograljthorum,
1004 2058 1043 2090 de
1061 2058 1132 2099 qui-

392 2110 452 2142 bus
479 2110 628 2153 specialis
662 2121 717 2142 seu
750 2111 984 2153 specialissima
1008 2110 1130 2143 mentio

394 2163 545 2195 habenda
563 2163 655 2204 soret,
678 2163 947 2206 competentibus,
967 2174 1027 2206 per
1040 2174 1132 2206 prae—

393 2222 501 2248 sentes
528 2217 738 2259 deputamus,
777 2228 813 2249 ac
847 2218 1036 2260 deputatum
1062 2227 1130 2249 esse

394 2270 541 2301 volumus
567 2275 599 2301 et
628 2270 842 2302 decernimus.
882 2270 927 2302 lta
960 2270 1046 2313 quod
1071 2280 1130 2313 pro

394 2322 489 2364 burgi
525 2323 626 2355 causis
652 2322 837 2355 huiusmodi
871 2322 964 2355 nobis
1007 2333 1131 2356 succes-

394 2375 583 2418 soribusque
610 2376 728 2407 nostris
746 2381 878 2414 tantum,
906 2381 938 2408 et
961 2386 1027 2408 non
1045 2375 1129 2415 aliis,

395 2428 553 2461 rationem
579 2429 714 2461 reddere
741 2435 793 2461 aut
818 2440 933 2471 parere
971 2434 1128 2462 teneatur.

395 2482 430 2515 Et
458 2493 529 2514 011111
553 2482 615 2514 iam
642 2494 678 2514 ex
711 2484 842 2525 speciali
876 2488 989 2515 nostro
1024 2483 1132 2515 chiro-

982 208 1163 233 BL'LLARIUM
1186 207 1338 232 ROMANUM

1167 256 1356 288 mandamus
1382 256 1488 289 eidem
1513 256 1742 298 gubernatori,
1777 256 1906 300 vicegu-

1168 308 1334 341 bernatori
1360 314 1395 340 ut
1418 309 1600 351 praefertur
1625 311 1800 352 deputato,
1828 321 1908 353 qua-

1171 366 1273 401 tenus,
1296 372 1354 404 pro
1374 361 1530 394 exercitio
1555 361 1787 395 iurisdictionis
1811 363 1906 405 burgi

1169 415 1366 455 huiusmodi,
1393 415 1516 447 eisdem
1542 414 1711 455 iudicibus,
1732 422 1907 459 exequuto-

1169 467 1269 508 ribus,
1295 477 1527 510 carcerumque
1552 467 1738 500 custodibus
1758 494 1765 507 ‚
1792 468 1909 511 quibus

1170 521 1203 552 in
1229 521 1387 563 gubernio
1412 519 1505 552 Urbis
1522 521 1632 559 utitur,
1653 531 1689 552 ac
1706 520 1744 552 iis
1760 521 1908 562 notariis,

1172 573 1226 616 qui
1253 573 1291 605 de
1316 573 1468 605 mandato
1495 577 1608 605 nostro
1644 583 1705 616 pro
1733 573 1909 616 praedictis

1172 625 1277 658 causis
1304 625 1450 658 eiusdem
1473 625 1568 668 burgi
1594 625 1741 668 deputati
1774 625 1908 666 suerint,

1170 682 1286 717 utatur,
1306 683 1337 710 et
1357 677 1395 710 ab
1426 678 1575 711 omnibus
1599 678 1792 721 supradietis
1821 679 1909 712 aliis-

1173 742 1233 774 que
1259 730 1511 770 officialit)11s,in
1532 730 1654 764 eisdem
1679 730 1783 764 causis
1809 731 1911 764 civili-

1171 784 1251 822 bus,
1279 783 1499 816 criminalibus
1525 788 1557 816 et
1581 784 1708 823 mixtis,
1733 783 1829 816 Urbis
1854 795 1911 827 gu-

1172 837 1276 869 bernii
1304 842 1390 869 taxas
1415 837 1536 869 servari
1564 836 1670 869 faeiat.

1215 889 1274 931 §AE
1303 889 1510 922 Declarantes
1532 889 1619 932 quod
1637 889 1750 928 edicta,
1767 889 1907 928 decreta,

1172 941 1352 973 sententiae
1388 946 1419 973 et
1451 946 1540 981 acta,
1577 951 1658 984 quae
1690 942 1729 974 ab
1764 942 1910 974 eiusdem

1172 991 1264 1024 Urbis
1291 993 1527 1035 gubernatore,
1561 994 1628 1025 sive
1662 993 1730 1026 eins
1754 995 1912 1027 locumte-

1172 1045 1335 1085 nentibus,
1360 1045 1497 1088 aliisque
1523 1045 1713 1078 officialibus
1745 1056 1804 1089 pro
1832 1051 1913 1079 tem-

1172 1108 1251 1141 pore
1276 1098 1490 1137 emanabant,
1515 1098 1548 1130 in
1572 1098 1675 1140 burgo
1709 1104 1740 1131 et
1773 1098 1812 1131 ab
1842 1099 1911 1131 eius

1173 1151 1410 1184 habitatoribus
1432 1151 1554 1193 (vigore
1568 1151 1801 1184 iurisdictionis
1816 1162 1911 1195 quam

1173 1215 1232 1237 nos
1258 1204 1362 1237 eidem
1388 1203 1481 1237 Urbis
1507 1204 1732 1247 gubernatori,
1757 1204 1913 1237 1111νί00-

1173 1257 1384 1299 guhernatori
1416 1257 1528 1299 burgi,
1557 1268 1615 1300 per
1638 1262 1828 1300 praesentes
1858 1257 1913 1289 tri-

1172 1311 1313 1353 buimus)
1340 1310 1502 1343 observari
1528 1310 1690 1350 debeant,
1723 1310 1847 1342 etiamsi
1878 1309 1911 1342 in

1174 1363 1309 1403 edictis,
1344 1363 1481 1396 decretis
1497 1390 1504 1403 ‚
1542 1362 1736 1401 sententiis,
1774 1362 1910 1405 aliisque

1173 1417 1250 1449 actis
1276 1416 1452 1459 praedictis
1479 1416 1550 1448 talis
1576 1416 1688 1448 titulus
1713 1425 1779 1447 non
1803 1415 1909 1458 expri-

1172 1474 1293 1510 matur;
1319 1480 1355 1501 ac
1380 1470 1663 1508 locumtenentes,
1697 1468 1910 1508 substitutos,

1173 1528 1398 1566 exequutores,
1426 1523 1571 1565 aliosque
1592 1522 1745 1555 officiales
1771 1532 1829 1565 pro
1856 1532 1913 1564 gn-

1172 1576 1287 1609 bernio
1314 1576 1416 1609 dictae
1442 1575 1536 1608 Urbis
1561 1576 1745 1618 deputatos,
1774 1585 1811 1607 00
1837 1575 1910 1618 ipso

1173 1630 1270 1662 etiam
1299 1640 1360 1673 pro
1393 1629 1516 1662 eisdem
1551 1629 1653 1661 causis
1684 1628 1780 1670 burgi
1813 1628 1913 1671 depu-

1172 1688 1253 1715 tatos
1278 1693 1349 1715 esse
1368 1688 1400 1715 et
1419 1682 1547 1715 censeri
1570 1681 1702 1721 debere3
1722 1681 1911 1724 privativam

1173 1743 1279 1769 tamen
1305 1736 1441 1776 notario,
1468 1740 1533 1768 tam
1558 1734 1719 1768 criminali
1745 1744 1842 1777 quam
1868 1733 1911 1766 01-

1174 1790 1240 1829 vili,
1261 1800 1296 1822 ac
1313 1789 1514 1822 mandatario
1529 1798 1588 1831 pro
1608 1788 1713 1820 causis
1736 1787 1774 1819 ad
1792 1786 1912 1819 dictam

1174 1843 1343 1885 regionem
1368 1842 1464 1884 burgi
1490 1840 1729 1884 pertinentibus
1754 1840 1912 1882 deputan-

1174 1896 1221 1928 dis
1248 1900 1466 1928 reservantes.

1217 1949 1231 1991 ἓ
1257 1948 1287 1980 5.
1315 1948 1521 1990 Iniungentes
1545 1946 1652 1979 eidem
1676 1945 1770 1979 Urbis
1795 1945 1912 1988 guber-

1173 2001 1304 2041 natori,
1330 2006 1365 2033 ut
1389 2011 1502 2033 omnes
1527 1999 1704 2042 scripturas
1740 1998 1911 2041 omniaque

1173 2060 1251 2094 acta,
1269 2064 1371 2096 usque
1392 2053 1424 2085 in
1449 2063 1604 2096 praesens
1628 2053 1661 2084 in
1686 2050 1790 2083 officio
1815 2050 1911 2092 burgi

1175 2113 1321 2140 extantes
1347 2112 1378 2139 et
1402 2105 1554 2145 extantia,
1579 2105 1617 2137 ad
1643 2104 1782 2137 officium
1800 2104 1912 2146 guber-

1174 2161 1218 2193 nii
1244 2160 1338 2193 Urbis
1368 2159 1549 2203 asportari,
1583 2159 1718 2201 illasque
1759 2162 1791 2190 et
1831 2157 1909 2196 illa,

1173 2220 1269 2258 prout
1293 2223 1404 2246 causas
1430 2213 1539 2245 civiles
1563 2217 1619 2244 aut
1636 2211 1820 2243 criminales
1839 2220 1912 2243 0011-

1174 2272 1319 2307 cernunt,
1345 2265 1478 2299 notariis
1504 2264 1653 2298 civilibus
1679 2269 1711 2297 et
1736 2263 1912 2296 criminali-

1173 2321 1233 2353 bus
1252 2330 1311 2363 pro
1328 2319 1432 2352 causis
1449 2318 1543 2361 burgi
1559 2317 1719 2361 deputatis
1734 2316 1909 2360 separatim

1175 2379 1206 2407 et
1230 2373 1408 2416 respective
1435 2371 1619 2413 consignari
1646 2370 1752 2409 faciat;
1778 2368 1911 2412 praevio

1174 2433 1282 2460 tamen
1307 2427 1436 2459 illarum
1461 2430 1492 2457 et
1511 2425 1641 2457 illorum
1660 2422 1850 2461 inventario,
1872 2422 1910 2454 ad

1175 2481 1237 2512 1100
1260 2485 1300 2519 ιι
1321 2480 1358 2511 de
1384 2479 1506 2511 eisdem
1532 2476 1692 2509 rationem
1714 2474 1851 2507 reddere
1870 2479 1911 2506 te—

396 2536 521 2579 grapho
559 2535 761 2567 indemnitati
802 2536 1001 2578 possessoris
1034 2535 1130 2568 officii
1174 2538 1323 2565 neantur.

396 2589 573 2622 notariatus
611 2588 686 2621 dicti
720 2588 815 2632 burgi
848 2589 1033 2621 consultum
1062 2588 1128 2628 sit,

1217 2586 1231 2629 ἓ
1256 2585 1287 2617 6.
1307 2585 1483 2617 necui-sum
1502 2589 1606 2617 autem
1622 2583 1654 2615 in
1674 2581 1818 2615 civilibus
1836 2591 1910 2615 cau-

1916 209 1964 235 Αη.
1985 208 2014 235 C.
2040 208 2103 236 1667
