2247 3208
240 267 291 296 Αιι.
305 267 341 295 c.
359 267 426 296 1669
465 258 536 292 v’774

431 314 629 360 pontificali,
656 313 778 355 regali,
811 311 938 352 ducali,
971 322 1026 344 seu
1059 311 1170 354 quavis

432 368 495 401 alia
518 365 735 399 ecclesiastica
765 371 798 397 et
831 365 992 397 mundana
1028 363 1170 407 praesul-

432 424 529 462 geant
555 418 731 460 dignitate,
767 427 784 449 a
819 416 900 449 Sede
934 416 1099 459 praedicta
1132 427 1167 448 ex

432 478 632 514 quacumque
657 471 762 509 causa,
791 469 887 501 etiam
913 480 972 512 per
990 469 1070 501 viam
1096 479 1170 501 con-

431 529 548 557 tractus
575 529 606 556 et
629 523 913 562 remunerationis,
934 522 1029 555 etiam
1051 521 1167 554 intuitu

431 582 462 609 et
475 576 751 619 contemplatione
767 586 889 618 ref-jum,
906 576 1032 615 ducum,
1048 585 1169 607 rerum-

431 629 632 672 publicarum
659 634 690 661 et
714 629 849 660 aliorum
874 638 1165 671 quorumcumque,

431 691 467 713 ac
492 682 552 713 sub
574 681 833 724 quibuscumque
850 681 1021 713 verborum
1047 680 1168 712 teneri-

430 733 489 766 bus
514 740 544 766 et
569 734 688 773 formis,
715 745 751 766 ac
776 745 846 766 cum
874 734 1040 777 quibusvis
1068 733 1166 765 etiam

432 787 710 829 derogatoriarum
748 787 991 829 derogatoriis,
1029 786 1165 828 aliisque

432 840 686 879 efficacioribus,
717 840 946 872 efficacissimis
973 845 1004 871 et
1029 839 1165 871 insolitis

432 893 591 933 clausulis,
607 893 873 935 irritantibusque
888 898 919 925 et
933 892 1003 924 aliis
1019 892 1166 930 decretis,

435 945 468 977 in
494 955 612 987 genere
636 946 685 977 vel
718 945 750 977 in
786 945 915 988 specie,
952 944 1045 977 etiam
1079 949 1166 976 motu

431 998 574 1042 proprio,
592 1009 627 1030 ac
641 998 736 1030 etiam
750 997 1027 1035 consistorialiter,
1043 1002 1075 1029 et
1088 997 1165 1028 alias

431 1052 464 1083 in
485 1051 684 1084 contrarium
711 1051 968 1094 praemissorum
989 1050 1168 1093 quomodo-

432 1104 512 1136 libet
532 1104 712 1143 concessis,
739 1103 928 1146 approbatis
943 1108 974 1135 et
992 1103 1166 1142 innovatis,

431 1156 527 1189 etiam
559 1156 800 1189 continentibus
830 1157 915 1200 quod
948 1156 1167 1188 excommuni-

431 1210 496 1242 cari
522 1215 554 1242 et
580 1209 844 1241 anathematizari
870 1219 934 1241 non
961 1208 1085 1252 possint
1109 1218 1168 1251 per

431 1262 553 1294 litteras
577 1272 642 1293 non
668 1261 820 1294 facientes
837 1262 967 1304 plenam
985 1267 1015 1294 et
1036 1271 1167 1304 expres-

431 1326 497 1348 sam
522 1326 558 1347 ac
584 1315 622 1347 de
647 1315 747 1347 verbo
773 1315 810 1347 ad
837 1315 972 1347 verbum
998 1314 1036 1347 de
1072 1314 1167 1357 privi-

430 1369 538 1411 legiis,
553 1368 764 1410 indulgentiis
784 1373 816 1401 et
836 1368 968 1401 indultis
985 1368 1166 1401 huiusmodi

432 1432 467 1454 ac
493 1422 532 1454 de
557 1421 741 1460 ordinibus,
769 1421 864 1460 locis,
891 1421 1073 1453 nominibus
1100 1432 1167 1464 pro-

431 1474 518 1517 priis,
545 1474 792 1516 cognominibus
820 1479 851 1506 et
875 1474 1084 1516 dignitatibus
1120 1484 1168 1506 eo-

432 1537 503 1560 rum
539 1527 762 1565 mentionem;
796 1527 914 1569 quibus
953 1527 1103 1559 omnibus
1137 1527 1167 1559 et

433 1580 583 1623 singulis,
610 1579 732 1612 etiamsi
759 1590 817 1622 pro
841 1579 972 1612 illorum
997 1579 1168 1611 sufficienti

433 1633 643 1675 derogatione
669 1633 707 1665 de
733 1632 796 1664 illis
823 1643 998 1675 eorumque
1031 1632 1103 1665 totis
1130 1639 1169 1665 te-

434 1687 566 1719 noribus
591 1685 754 1728 specialis,
774 1685 925 1728 specifica
941 1691 973 1717 et
988 1685 1167 1726 individua,

434 1750 470 1772 ac
496 1740 534 1772 de
559 1739 655 1772 verbo
681 1739 719 1771 ad
741 1738 882 1777 verbum,
905 1749 968 1771 nou
987 1743 1093 1771 autem
1112 1750 1170 1782 per

434 1792 594 1824 clausulas
626 1791 794 1833 generales
826 1791 911 1822 idem
937 1790 1167 1833 importantes,

435 1844 555 1876 mentio
581 1854 636 1875 seu
662 1843 792 1887 quaevis
824 1843 885 1875 alia
917 1844 1084 1886 expressio
1114 1844 1171 1876 ha-

435 1897 542 1929 benda
573 1902 627 1928 aut
658 1895 766 1938 aliqua
798 1896 860 1927 alia
886 1895 1044 1938 exquisita
1069 1896 1171 1928 forma

436 1949 475 1981 ad
501 1949 561 1981 hoc
586 1949 744 1981 servanda
770 1949 871 1987 soret,
906 1953 1033 1981 tenores
1063 1948 1172 1981 liuius-

435 2001 533 2041 modi,
551 2012 587 2034 ac
604 2001 630 2033 si
648 2002 687 2034 de
704 2001 804 2034 verbo
831 2001 869 2033 ad
896 2001 1029 2033 verbum
1050 2001 1172 2033 insere-

436 2060 560 2095 rentur,
587 2054 821 2097 praesentibus
847 2064 907 2096 pro
929 2055 1026 2096 plene
1049 2059 1081 2086 et
1106 2055 1172 2086 sut*-

436 2106 587 2140 ficienter
612 2107 777 2150 expressis
799 2113 831 2139 et
849 2107 980 2140 insertis
995 2108 1170 2147 habentes,

434 2158 501 2192 illis
530 2160 608 2193 alias
644 2161 676 2192 in
702 2171 761 2192 suo
785 2161 905 2193 robore
931 2160 1170 2203 permansuris,

437 2213 477 2246 ad
509 2214 769 2256 praemissorum
800 2213 975 2253 effectum,
1009 2214 1070 2246 hac
1102 2214 1171 2247 vice

438 2267 615 2306 dumtaxat,
633 2267 823 2310 specialiter
848 2273 880 2299 et
898 2278 1054 2310 expresse
1077 2267 1172 2299 dero-

438 2330 564 2361 gamus,
590 2330 625 2351 ac
650 2321 838 2362 derogatum
865 2331 936 2352 esse
968 2320 1171 2352 decernimus

438 2377 469 2403 et
493 2373 649 2413 volumus3
681 2374 868 2416 ceterisque
897 2372 1074 2406 contrariis
1102 2373 1173 2416 qui-

436 2424 650 2468 buscumque.

480 2478 591 2510 Datum
616 2478 748 2518 Romae,
776 2479 859 2521 apud
878 2479 908 2511 S.
929 2479 1091 2519 Sabinam,
1113 2480 1171 2512 sub

435 2532 555 2563 annulo
589 2531 779 2569 piscatoris,
817 2532 867 2564 die
905 2542 982 2565 xxm
1021 2533 1171 2565 februarii

433 2592 581 2623 MDCLxlx⁷
609 2583 812 2625 pontificatus
844 2585 944 2616 nostri
971 2595 1055 2617 anno
1083 2595 1117 2618 11.

467 2646 527 2673 Dat.
543 2646 587 2672 die
603 2645 637 2673 23
655 2645 783 2672 februarii
804 2647 878 2680 2069,
898 2647 994 2681 pontis.
1017 2655 1087 2674 anno
1104 2654 1133 2673 11.

1012 264 1192 287 mmmmm!
1215 262 1366 286 ROMAWM

1511 310 1637 344 xcviii.

1211 381 1384 413 Indultum
1424 382 1556 423 reyinae
1588 383 1726 423 Magynae
1760 383 1945 415 Erinomae

1254 434 1387 466 recitari
1410 438 1438 466 et
1462 434 1617 466 celebrari
1640 435 1782 476 faciendi
1807 436 1945 477 officium·

1255 495 1283 518 ec
1308 487 1439 518 ‘messam
1466 486 1503 518 cle
1529 486 1618 518 beata
1644 487 1728 519 Rosa
1755 487 1792 519 de
1820 488 1852 520 S.
1880 488 1946 520 Ma-

1254 540 1307 571 ria
1339 540 1374 571 in
1404 539 1552 581 cappella
1582 550 1641 571 sun
1674 540 1789 582 reyid,
1820 541 1856 572 in
1880 551 1945 583 qun

1253 593 1353 624 missa
1392 592 1430 624 de
1465 593 1554 625 Sedis
1586 592 1790 635 Apostolicae
1815 593 1945 624 licentia

1253 646 1433 678 celebratur
1446 644 1467 678 ¹.

1210 718 1384 745 carissimae
1403 718 1434 744 in
1455 717 1570 743 Christo
1590 717 1670 742 filiae
1690 719 1811 743 nostrae
1837 717 1944 743 Gathe-

1243 764 1338 793 rinae,
1357 763 1480 794 Magnae
1496 761 1670 787 Britanniae
1687 762 1804 793 reginae
1819 761 1943 794 illustri,

1427 816 1561 841 Clemens
1582 815 1659 847 Papa
1679 814 1725 840 IX.

1297 877 1455 903 carissima
1474 878 1504 902 in
1521 876 1636 902 christo
1659 875 1721 902 filia
1741 878 1856 906 nostra,

1242 923 1370 949 salutem
1391 924 1422 948 et
1442 921 1638 953 apostolicam
1657 920 1908 946 benedictionem.

1252 993 1374 1026 Eximia
1384 993 1643 1025 maiestatistuae
1661 992 1691 1024 in
1710 993 1807 1025 Deum
1826 992 1940 1036 pietas,

1209 1046 1364 1090 singulari
1391 1046 1590 1079 orthodoxae
1612 1045 1686 1078 tidei
1712 1046 1781 1078 zelo
1807 1056 1842 1077 ac
1867 1057 1943 1088 erga

1210 1111 1266 1133 nos
1292 1105 1322 1133 et
1354 1100 1437 1132 lianc
1462 1104 1604 1132 sanctam
1640 1098 1755 1132 Sedem
1781 1099 1943 1132 devotioni

1209 1153 1394 1192 coniuncta,
1422 1158 1624 1196 promeretur
1648 1157 1681 1184 ut
1701 1152 1761 1195 piis
1782 1152 1862 1185 votis
1884 1151 1944 1184 tuis

1209 1207 1247 1239 ad
1273 1206 1451 1248 augendam
1478 1205 1509 1237 in
1539 1205 1632 1237 terris
1666 1205 1817 1238 caelestis
1854 1205 1943 1247 regni

1210 1259 1386 1292 incolarum
1428 1258 1667 1291 venerationem
1709 1258 1913 1291 tendentibus
1934 1286 1941 1299 ,

1210 1317 1365 1355 quantum
1383 1321 1454 1344 cum
1475 1311 1611 1344 Domino
1637 1321 1822 1354 possumus,
1841 1311 1944 1345 liben-

1210 1364 1329 1397 tissime
1356 1375 1545 1397 annuamus.

1253 1417 1323 1459 §l.
1357 1417 1443 1450 Alias
1478 1417 1637 1460 siquidem
1672 1427 1731 1450 nos
1767 1417 1945 1461 apostolica

1210 1471 1400 1503 auctoritate
1419 1470 1609 1504 indulsimus
1634 1477 1669 1503 ut
1685 1482 1776 1504 serva
1794 1472 1847 1504 Dei
1862 1472 1944 1504 Rosa

1211 1525 1248 1556 de
1274 1525 1304 1557 S.
1332 1524 1426 1556 Maria
1451 1523 1540 1565 virgo
1566 1524 1709 1564 Limam,
1737 1524 1821 1556 tertii
1853 1524 1944 1557 Ordi-

1211 1577 1259 1609 nis
1274 1577 1376 1609 sancti
1394 1577 1560 1616 Dominici‚
1578 1577 1692 1609 Beatae
1713 1577 1842 1609 nomine
1863 1588 1945 1609 nun-

1211 1636 1392 1673 cuparetur,
1419 1635 1513 1672 atque
1539 1629 1578 1661 de
1605 1632 1642 1661 ea
1666 1630 1723 1662 sub
1745 1629 1807 1661 ritu
1826 1629 1944 1672 duplici

1212 1683 1402 1715 recitaretur
1427 1682 1567 1714 officium
1593 1687 1624 1714 et
1649 1682 1745 1714 missa
1769 1682 1946 1714 celebrare·

1213 1741 1261 1768 tur
1286 1736 1324 1768 dc
1349 1735 1477 1777 Virgine
1502 1745 1566 1767 non
1592 1734 1744 1777 Martyre‚
1778 1735 1864 1766 iuxta
1893 1745 1946 1766 ru-

1212 1789 1315 1821 bricas
1338 1788 1487 1821 breviarii
1514 1794 1545 1821 et
1569 1788 1706 1820 missalis
1727 1787 1858 1827 romani,
1882 1787 1946 1819 sin-

1213 1842 1294 1885 gulis
1321 1842 1412 1874 annis
1439 1841 1489 1873 die
1502 1852 1573 1874 xxrx
1590 1841 1726 1883 augusti,
1747 1851 1827 1883 quae
1842 1839 1946 1883 prima

1213 1900 1259 1928 est
1284 1905 1348 1927 non
1376 1894 1527 1937 impedita
1552 1898 1624 1937 post
1649 1893 1734 1925 diem
1763 1903 1836 1926 xxw
1864 1892 1947 1925 eius-

1213 1949 1285 1981 dem
1311 1948 1437 1984 niensis,
1464 1958 1527 1989 qua
1551 1946 1700 1989 spiritum
1717 1946 1857 1979 Creatori
1875 1946 1948 1978 red-

1213 2002 1301 2039 didit,
1330 2006 1357 2033 et
1385 2001 1462 2033 alias
1488 2005 1583 2043 prout
1608 1999 1639 2031 in
1664 1998 1783 2031 nostris
1809 1998 1949 2041 desuper

1214 2055 1245 2087 in
1271 2054 1366 2086 simili
1394 2054 1492 2086 forma
1512 2052 1621 2085 Brevis
1648 2052 1698 2084 die
1723 2062 1767 2084 ΧΠ
1794 2050 1947 2083 Februarii

1213 2118 1377 2142 MDCLXVIII
1403 2106 1560 2150 expeditis
1586 2104 1715 2144 litteris,
1743 2114 1877 2146 quarum
1903 2108 1949 2135 te—

1214 2172 1327 2193 norem
1352 2159 1579 2204 praesentibus
1606 2168 1664 2201 pro
1690 2155 1796 2200 plene²
1817 2162 1849 2189 et
1865 2156 1949 2188 sussi-

1214 2214 1338 2246 cienter
1360 2222 1513 2256 expresso
1540 2217 1570 2244 et
1591 2212 1711 2243 inserto
1733 2209 1845 2242 haberi
1864 2209 1948 2241 volu-

1214 2277 1294 2305 mus7
1321 2266 1449 2298 uberius
1474 2264 1669 2297 continetur.

1257 2320 1271 2362 ἓ
1296 2319 1327 2351 02.
1355 2318 1431 2351 Cum
1448 2323 1564 2357 autem,
1583 2316 1664 2349 sicut
1679 2315 1856 2348 maiestatis
1874 2319 1948 2346 tuae

1215 2425 1353 2459 officium
1380 2430 1412 2457 et
1435 2424 1562 2457 missam
1576 2424 1615 2456 de
1631 2423 1743 2455 eadem
1759 2423 1851 2454 beata
1865 2421 1948 2453 Rosa

1215 2479 1247 2512 in
1273 2479 1421 2522 cappella
1448 2480 1498 2510 tua
1523 2477 1622 2518 regia,
1649 2476 1682 2508 in
1705 2485 1767 2518 qua
1784 2483 1948 2506 sacrosan-

1216 2539 1300 2564 ctum
1325 2531 1441 2563 missae
1467 2528 1659 2562 sacrificium
1685 2528 1722 2560 de
1748 2526 1838 2559 Sedis
1863 2526 1949 2568 Apo·

1252 2605 1261 2628 1
1287 2602 1322 2628 Ex
1344 2603 1451 2634 Regesl.
1475 2600 1500 2625 in
1521 2600 1622 2626 Secret.
1645 2598 1722 2624 Brev.

1250 2647 1265 2672 2
1287 2645 1356 2672 Edit.
1375 2645 1452 2671 ittam.
1468 2644 1530 2679 legit
1542 2644 1627 2678 pleno
1641 2643 1679 2676 (R.
1696 2642 1744 2676 T.).

1951 262 2000 289 An.
2022 262 2050 290 C.
2069 262 2136 290 tGU'.)

1979 1006 2102 1027 Exordium.

1982 1427 2036 1447 Alias
2051 1433 2137 1447 conces-

1954 1457 2009 1473 svrat
2042 1453 2137 1474 Panna-x

1956 1483 1977 1499 ut
1987 1481 2012 1499 ule
2022 1480 2088 1500 Beata
2097 1481 2136 1500 Hi*-

1955 1513 1977 1525 sa
1994 1507 2083 1526 oslieuun
2099 1508 2137 1525 ilu-

1955 1533 2001 1558 plex
2029 1535 2049 1552 et
2074 1539 2137 1552 mussa

1955 1559 2106 1580 celebraretur.

1994 2321 2097 2342 Concedit
2120 2323 2143 2341 ut

1959 2347 2050 2368 oms-ium
2062 2350 2082 2367 et
2093 2348 2142 2367 mis-

1215 2372 1345 2406 nomine
1371 2371 1463 2404 nobis
1488 2380 1591 2413 nuper
1610 2369 1789 2412 expositum
1817 2368 1887 2407 suit,
1916 2373 2142 2403 tusadesseamss‘v-

1959 2406 1982 2420 sa
2004 2406 2023 2419 in
2046 2400 2140 2425 cappella

1959 2427 2042 2455 priyata
2056 2427 2141 2450 reginae

1959 2455 2044 2473 recitari
2058 2454 2132 2478 possit.

2214 1396 2235 1418 Β
