2247 3208
107 205 157 232 Λη.
175 203 202 231 c.
226 204 294 232 1665
889 203 1077 227 ALExrxxm-:n
1101 204 1144 227 vu
1171 204 1217 228 rr.
1723 200 1787 235 343
1833 211 1881 239 A„-
1899 212 1925 240 ς·
1950 213 2016 242 1605

301 252 380 297 quid
406 251 589 296 specialiter
615 251 653 284 de
678 250 734 284 illo
760 255 815 284 aut
850 250 883 283 in
908 251 964 284 illo
990 261 1039 284 co·
1060 263 1061 266 ¹
1082 263 1117 284 ac
1136 262 1267 295 prunos,
1293 256 1325 284 et
1349 251 1512 295 singulos*
1540 260 1605 288 tres
1627 255 1712 290 iden}
1733 259 1819 302 quod

302 305 485 349 gitaverint.
1082 305 1144 337 iam
1171 305 1291 337 dictum
1310 312 1418 338 manet
1438 315 1652 351 exequuntur.

345 358 557 403 Respondent
581 358 699 401 singuli
723 369 845 398 eorum,
867 358 949 391 sacto
974 368 1040 390 cru·
1126 357 1284 390 Procuret.
1308 358 1340 390 in
1366 359 1594 402 quadrimestri
1629 373 1686 396 suo
1717 365 1819 397 nemi-

301 411 346 445 cis
378 412 489 454 signo,
515 422 588 444 cum
614 411 820 451 humilitate,
849 411 1038 444 sinceritate
1081 421 1165 447 nem,
1185 411 1416 455 cuiuscumque
1442 413 1483 445 sit
1507 416 1634 456 gradus,
1661 417 1819 451 inexerci-

301 471 333 499 οἱ
357 465 525 505 modestia,
545 465 583 497 de
609 467 714 508 plano,
734 476 770 497 ac
796 464 940 497 breviter
967 464 1038 496 sine
1059 479 1061 532 >
1082 469 1183 495 tatum
1207 474 1401 505 remancre,
1430 472 1460 498 et
1485 467 1555 510 ipse
1588 470 1756 503 exercitari
1782 483 1817 504 se

301 518 516 558 discursibus,
536 524 587 551 aut
609 518 888 561 digressionibus,
915 518 1039 560 absque
1058 534 1060 559 l
1081 517 1256 560 aliquando
1292 517 1410 558 saciat;
1448 526 1479 552 et
1518 521 1579 553 hoc
1619 524 1816 557 exercitandi

301 582 341 605 co
359 573 446 615 quod
469 572 624 605 interiora
652 582 767 615 resque
793 571 970 604 consessori
993 581 1040 603 re-
1058 561 1060 587 1
1080 580 1195 602 munus
1212 570 1438 604 idoneioribus
1458 572 1616 616 imponat.
1639 575 1816 618 Praeterea,

300 631 443 659 servatas
468 625 620 664 indi-201¹,
643 625 699 657 sed
725 625 763 657 de
790 624 828 656 iis
853 634 886 657 se
911 629 1039 656 accuset
1058 618 1060 654 s
1081 624 1211 666 quando
1236 624 1295 657 sibi
1322 626 1489 668 placuerit,
1511 628 1637 661 etiamsi
1660 640 1817 672 praesens

302 683 425 711 tantum
451 677 639 715 defectibus,
664 687 744 720 quae
770 677 809 709 ad
835 676 1039 710 constitutio·
1081 675 1142 717 sit,
1176 677 1344 719 iniungere
1371 679 1491 721 poterit
1525 680 1618 712 alicui
1645 692 1681 714 cx
1713 683 1818 716 fratri-

302 740 377 763 num
402 731 568 774 pertinent
600 730 912 772 adimplementum;
939 730 1038 762 veluti
1058 734 1059 737 ’
1080 730 1140 762 bus
1165 729 1375 763 Obedientiae
1402 732 1552 773 officium,
1583 739 1617 765 ut
1642 734 1819 768 formentur

300 784 387 826 quod
406 783 594 826 quotidiano
614 782 758 815 examine
777 792 843 814 non
862 782 1039 814 excusserit
1081 792 1241 825 personae
1271 783 1357 816 illius
1386 795 1532 827 capaces,
1562 791 1657 829 atque
1684 787 1759 820 item
1778 788 1818 820 ab

301 835 551 873 conscientiam3
567 835 653 878 quod
671 840 822 876 aegrotos
836 835 866 867 in
883 834 1038 878 hospitali
1059 869 1060 874 ¹
1081 835 1193 868 schola
1212 836 1258 868 uti
1284 838 1363 870 tales
1389 844 1639 879 cognoscantur.

300 898 366 921 non
392 888 585 928 visitaverit,
623 888 765 931 quamvis
791 888 885 930 culpa
910 882 1060 927 careant}
1125 888 1277 922 L'ltimum
1303 890 1491 922 exercitium
1509 891 1696 925 absolvetur
1712 893 1814 936 alique

302 941 336 974 hi
352 941 508 975 desectus.
527 941 564 973 Et
581 941 661 974 haec
677 940 761 973 dicet
785 940 873 973 flexis
890 936 1038 983 genibus,
1059 957 1060 963 κ
1082 947 1153 974 actu
1180 942 1315 975 ferventi
1341 943 1459 975 amoris
1476 943 1541 983 Dei,
1561 949 1593 976 et
1612 951 1819 987 peccatorum

301 999 397 1037 atque
442 993 634 1027 Obedientia
677 994 825 1036 imponet
862 993 1038 1036 unicuique
1059 1024 1060 1027 ,
1082 995 1283 1028 counitionis
1305 1022 1311 1033 ,
1340 995 1421 1028 sicut
1448 996 1487 1029 de
1513 997 1661 1029 oratione
1685 997 1818 1031 mentali

301 1046 535 1091 poenitentiam
560 1046 621 1079 sibi
647 1046 809 1090 placitam.
1059 1053 1060 1057 ’
1082 1048 1201 1080 dictum
1227 1054 1346 1081 manet.

345 1099 550 1132 Exercitator
574 1099 719 1132 monebit
745 1109 801 1131 eos
826 1099 864 1132 de
890 1099 937 1139 iis,
957 1110 1037 1142 quae
1059 1118 1060 1121 =
1125 1101 1199 1134 Post
1224 1101 1305 1134 haec
1341 1102 1446 1134 nuntii
1483 1102 1591 1135 altaris
1621 1103 1818 1137 distribuunt

302 1151 334 1185 in
360 1151 424 1184 Deo
449 1151 640 1184 iudicaverit
671 1153 849 1184 secundum
882 1162 1039 1194 responsa
1081 1154 1208 1196 flagella
1234 1161 1265 1187 et
1289 1155 1410 1187 lumina
1438 1156 1638 1198 extinguunt.
1662 1156 1819 1190 Obedien-

302 1214 416 1237 eorum
442 1204 549 1237 sutura
574 1205 713 1242 utiliora,
741 1215 823 1248 quae
847 1205 1038 1237 contirn'iare
1082 1207 1124 1240 tia
1150 1213 1224 1239 tunc
1250 1219 1321 1240 cum
1349 1213 1424 1240 tono
1451 1209 1550 1251 gravi,
1579 1210 1670 1243 tardo
1700 1221 1736 1242 ae
1764 1211 1819 1243 de-

302 1257 423 1300 poterit
440 1257 549 1299 aliquo
570 1260 683 1289 'sacrae
703 1256 897 1300 Scripturae,
916 1262 968 1289 aut
989 1268 1039 1300 pa·
1081 1265 1156 1293 voto
1182 1261 1257 1293 dicit
1284 1261 1464 1293 sominicae
1491 1261 1656 1295 Passionis
1683 1273 1820 1296 summa-

302 1307 381 1342 tris²
409 1309 595 1342 testimonio
619 1319 678 1352 pro
708 1310 904 1342 documento
934 1315 965 1341 et
987 1320 1039 1343 ex·
1081 1313 1176 1353 rium,
1197 1324 1375 1356 versusque
1402 1313 1489 1354 illos,
1516 1315 1569 1357 qui
1594 1315 1627 1347 in
1653 1316 1759 1358 capite
1784 1316 1818 1348 fi-

304 1362 500 1396 hortatione.
1081 1366 1145 1399 nali
1172 1367 1268 1410 positi
1293 1373 1378 1400 sunt.
1406 1367 1530 1400 Etcum
1554 1375 1750 1411 perventum
1772 1375 1821 1402 est

346 1414 539 1449 obedientia
570 1426 630 1460 pro
657 1416 792 1449 arbitrio
817 1427 872 1449 suo
898 1423 1041 1449 resumat
1081 1420 1120 1452 ad
1159 1421 1354 1453 versiculum
1393 1421 1634 1463 Apprehenslile
1672 1421 1821 1464 discipli-

304 1479 352 1509 ea,
373 1479 453 1512 quae
480 1469 564 1502 dicta
588 1475 670 1509 sunt,
690 1474 742 1502 aut
767 1480 877 1502 eorum
905 1475 1039 1512 partem,
1082 1484 1176 1513 nam,
1192 1473 1368 1516 flagellatio
1390 1473 1511 1516 incipit,
1527 1474 1740 1518 recitantque,
1756 1480 1820 1507 tam

304 1522 530 1565 expendatque
554 1528 589 1554 ut
608 1522 723 1555 fratres
739 1528 865 1555 moveat
883 1528 914 1555 et
931 1533 1041 1554 accen-
1081 1525 1274 1559 Obedientia
1291 1536 1385 1569 quam
1411 1525 1510 1558 ceteri
1537 1527 1658 1567 fratres,
1684 1529 1822 1560 alterna-

304 1574 359 1607 dat
382 1575 528 1607 adductis
551 1586 661 1608 sacrae
683 1576 873 1619 Scripturae,
895 1582 947 1608 aut
968 1576 1041 1608 San-
1084 1578 1137 1611 tim
1162 1589 1221 1621 per
1246 1579 1365 1611 choros
1390 1581 1548 1622 psalmum
1575 1580 1726 1613 ,iliserere
1756 1580 1821 1613 mei

304 1633 427 1661 ctorum
452 1629 541 1669 locis,
560 1629 772 1662 subtilitatem
793 1635 822 1662 et
847 1630 1041 1673 multiplica·
1081 1631 1166 1664 Deus
1191 1636 1223 1663 et
1247 1632 1407 1674 psalmum
1427 1632 1473 1679 De
1495 1632 1680 1675 profundis.
1699 1638 1821 1665 actum-

304 1680 427 1714 tionem
445 1682 591 1714 locorum
611 1683 765 1723 devitans,
789 1688 824 1715 ut
843 1683 958 1726 prosit,
976 1693 1039 1716 non
1083 1695 1145 1728 que
1171 1684 1392 1726 contritionis,
1422 1691 1456 1717 ut
1486 1685 1518 1718 in
1545 1686 1630 1718 dicto
1655 1685 1760 1729 capite
1785 1685 1821 1718 fi-

305 1739 341 1766 ut
364 1735 501 1776 gloriam
524 1735 584 1768 sibi
610 1741 768 1779 quaerat;
795 1736 833 1768 ad
861 1737 1040 1769 animarum
1082 1737 1159 1771 nali:
1180 1737 1302 1776 Quibus
1319 1738 1487 1778 absolutis,
1510 1739 1565 1772 dat
1587 1739 1716 1782 signum
1740 1738 1821 1772 Obe-

304 1787 499 1828 utilitatem,
533 1789 718 1821 defectuum
754 1790 1038 1830 emendationem,
1083 1791 1217 1825 dientia:
1244 1797 1276 1824 et
1300 1791 1377 1824 dum
1403 1792 1518 1825 fratres
1543 1803 1576 1825 se
1602 1797 1818 1836 componunt,

304 1839 519 1884 virtutumque
547 1842 811 1876 exercitationem
838 1842 945 1875 omnia
967 1842 1042 1876 diri·
1082 1845 1223 1887 iniungit
1247 1845 1304 1885 eis,
1321 1850 1355 1877 ut
1378 1845 1516 1878 recitent
1540 1847 1640 1879 Pater
1663 1851 1770 1879 noster
1790 1852 1822 1880 et

306 1903 396 1935 gens.
424 1893 573 1937 Sciatque
598 1895 741 1928 muneris
766 1895 813 1927 sui
839 1906 910 1928 esse
931 1895 1042 1928 morti·
1082 1899 1149 1931 Are
1172 1899 1282 1931 Maria
1314 1903 1361 1930 tot
1395 1899 1517 1932 vicibus
1553 1899 1679 1942 quoties
1705 1906 1737 1932 et
1760 1910 1820 1943 pro

306 1946 427 1980 iicare³
451 1958 575 1987 omnes,
598 1948 727 1981 laudare
753 1949 929 1981 neminem.
1084 1951 1264 1984 intentione
1291 1962 1373 1995 quae
1400 1951 1433 1984 in
1463 1952 1549 1985 dicto
1575 1953 1714 1995 capitulo
1738 1954 1821 1987 rese-

350 1999 426 2033 Post
450 2001 529 2033 haec
555 2002 708 2044 quasdam
744 2002 846 2034 tribus
879 2002 942 2035 illis
967 2013 1043 2045 poe·
1083 2010 1206 2037 runtur.
1234 2004 1319 2037 Tunc
1344 2005 1483 2048 hymnus
1502 2005 1597 2037 Nunc
1617 2006 1758 2039 dimittis
1782 2009 1822 2041 al-

307 2053 469 2092 nitcntias‚
487 2054 601 2096 quibus
623 2055 719 2087 ceteri
745 2055 967 2095 aedificentur,
986 2055 1043 2088 im-
1085 2058 1235 2090 ternatim
1269 2063 1302 2090 ut
1333 2058 1448 2101 psalmi
1480 2059 1653 2099 recitatur,
1686 2066 1718 2092 et
1749 2071 1822 2093 cum

307 2106 411 2149 ponit.
437 2106 628 2140 osculantur
645 2108 691 2140 illi
711 2113 830 2141 terram
852 2119 922 2141 cum
938 2109 1041 2141 vocati
1083 2121 1194 2143 versus
1219 2110 1274 2143 ille
1300 2110 1422 2143 Lumen
1453 2111 1494 2144 ud
1523 2112 1749 2145 revelationem
1775 2113 1822 2146 di-

307 2159 348 2192 ad
372 2159 565 2193 exercitium
600 2161 882 2204 ingeniculautur,
908 2167 940 2195 et
970 2173 1042 2194 cum
1084 2164 1176 2203 citur,
1194 2164 1371 2196 introducit
1395 2165 1502 2197 lumen
1528 2166 1611 2198 alter
1636 2176 1672 2198 ex
1698 2167 1820 2199 nuntiis

308 2213 497 2246 exercitium
523 2214 705 2248 absolvunt.
1084 2222 1204 2260 portae,
1232 2223 1263 2250 et
1292 2218 1444 2250 candelae
1477 2220 1711 2252 accenduntur.
1738 2220 1822 2253 Obe-

351 2265 478 2306 lterum,
504 2267 667 2310 tertioque
692 2274 783 2301 vocat
807 2268 845 2311 (si
867 2269 1043 2312 expediens
1084 2269 1206 2302 dientia
1223 2270 1282 2302 ait:
1303 2271 1436 2304 Fratres
1468 2272 1671 2304 emendemus
1699 2274 1734 2305 in
1763 2284 1822 2306 me-

308 2317 483 2362 videbitur)
503 2324 568 2352 tres
581 2320 662 2353 alios
678 2320 792 2354 fratres
816 2321 1042 2354 eodemmodo
1085 2322 1171 2362 lius,
1203 2328 1239 2355 ut
1261 2323 1294 2356 in
1320 2324 1406 2357 dicto
1431 2325 1572 2368 capitulo
1597 2325 1705 2366 finali;
1733 2327 1822 2360 dato-

741 2380 745 2384 ·
1085 2387 1146 2419 que
1172 2376 1264 2418 signo
1290 2377 1375 2409 redit
1398 2378 1623 2421 unusquisque
1649 2379 1689 2411 ad
1715 2380 1822 2412 locum

1085 2429 1173 2461 sedis
1199 2439 1289 2461 suae.

1130 2483 1221 2525 Legit
1253 2482 1498 2517 meditationem
1534 2490 1566 2517 et
1597 2485 1820 2519 iaculatoriam

344 2415 354 2440 1
374 2413 445 2441 Edit.
463 2414 541 2442 Μαίη.
559 2415 623 2450 legit
638 2416 770 2450 inducet,
786 2417 858 2452 quod
879 2426 937 2445 esse
957 2422 1045 2454 potest

306 2458 451 2489 includat,
470 2459 509 2486 vel
526 2460 658 2494 inculcet,
677 2461 717 2487 vel
738 2461 844 2488 indicet
859 2468 895 2493 (ἢ.
911 2467 959 2491 Τ.).

342 2501 359 2528 2
376 2503 476 2538 Nempe
487 2509 514 2530 ut
527 2505 631 2531 iidetur
647 2505 729 2540 patris
742 2505 854 2540 i'liilippi
871 2505 941 2532 Nerii
954 2507 1043 2538 (Emi.

343 2547 359 2574 3
374 2547 405 2574 Ni
421 2548 562 2583 legendum
579 2554 613 2576 s:t
628 2550 782 2584 aedificare
800 2559 846 2584 pro
870 2552 1045 2585 mortificare

305 2591 344 2626 (R.
362 2593 410 2626 T.).
1123 2598 1133 2624 1
1152 2597 1263 2624 Videtur
1278 2597 1384 2634 legend.
1400 2599 1508 2634 singuli
1528 2599 1568 2627 vel
1582 2600 1700 2628 secundi
1716 2601 1754 2636 (n.
1771 2601 1820 2636 T.).
