2247 3208
159 210 207 237 An.
224 209 254 237 C.
276 209 343 237 1663

183 1269 303 1294 clausulae.

223 2113 319 2134 contrari
324 2112 340 2133 is

155 2139 252 2166 derogat.

948 213 1134 236 ALExmezn
1157 213 1201 236 vu
1227 214 1274 237 ΡΡ.

354 268 488 302 cumque
514 259 576 292 alia
598 269 678 302 quae
692 259 751 292 sibi
773 260 923 303 expedire
949 261 1013 292 risa
1028 261 1103 292 sue¹¹

353 311 427 350 rint,
443 311 645 344 decernenda
660 318 689 344 et
708 313 902 354 exequenda,
919 318 946 345 et
962 313 1103 354 sign-an]

354 370 403 397 ter
427 365 466 397 ad
491 366 668 397 avocandos
698 366 865 407 religiosos
898 376 976 407 quos
1008 365 1088 397 iudi-

354 410 472 450 caverit
502 428 538 450 ex
571 418 718 450 omnibus
751 418 958 450 conventibus
992 414 1103 449 totius'

354 470 546 513 provinciae,
572 475 603 502 et
628 470 658 502 in
686 470 846 503 antedicto
871 474 1027 501 conventu
1048 469 1086 501 dc

355 523 476 556 familia
511 523 742 566 assignandos,
775 522 904 555 remotis
942 526 972 554 et
1012 521 1104 563 alibi}

355 576 535 609 constitutis
555 576 624 609 aliis
647 586 726 618 quos
748 575 867 618 pariter
887 574 1087 616 iudicaverit)

355 628 571 671 supradictum
586 627 783 661 Dominicum
797 626 890 658 Tasur
907 626 1088 658 ministrum
1103 653 1105 669 ,

356 686 530 713 conventus
556 681 650 712 huius
675 681 775 712 almae
799 679 909 719 Urbis,
937 679 975 711 de
1000 672 1105 711 cuius}

355 733 530 765 idoneitate
555 738 583 764 et
609 731 798 764 sufficientia
822 731 917 773 plene.
945 730 1002 762 suit
1018 724 1105 773 per-¹

355 795 498 824 suasum,
525 784 577 827 qui
602 784 753 827 insuper,
779 789 814 816 ut
838 783 1002 826 negotium
1028 783 1105 815 sibi'

353 837 536 880 impositum
569 837 629 869 rite
665 842 695 870 et
726 842 812 869 recte
845 836 1001 875 conficiat,
1026 838 1089 868 una

354 900 424 923 cum
449 891 592 933 praefato
609 895 778 930 conventu,
798 894 972 922 conventus
993 885 1106 921 etiam*

353 942 385 976 S.
414 943 528 976 Mariae
549 943 634 976 iuxta
654 953 740 975 mare
758 948 789 975 et
806 942 836 975 S.
857 941 1016 974 Francisci
1037 941 1085 973 Pe-

354 1001 420 1028 trae
442 996 575 1029 Melarae
591 996 718 1028 visitare
739 995 847 1038 possit,
867 995 959 1038 eique
978 994 1012 1026 in
1033 1003 1088 1026 suo

353 1060 485 1082 munere
522 1049 704 1082 omnimoda
737 1048 920 1081 obedientia
944 1058 980 1080 ac
1002 1057 1086 1080 reve-

353 1102 457 1135 rentia
470 1102 623 1146 praestari
642 1102 770 1142 debeat,
785 1102 870 1134 salva
887 1106 994 1134 tamen
1012 1112 1087 1134 sem·
1104 1125 1107 1146 ἴ

354 1166 413 1198 per
436 1155 468 1188 in
493 1155 675 1199 praemissis
709 1155 896 1187 auctoritate
928 1152 1107 1197 praefataei

355 1208 615 1251 congregationis
640 1207 866 1240 cardinalium.

398 1261 413 1304 ἓ
436 1261 467 1294 3.
494 1261 716 1294 Decernentes
738 1260 869 1293 easdem
895 1266 1088 1303 praesentes

354 1315 480 1348 litteras
506 1323 639 1357 semper
663 1313 786 1353 firmas,
813 1313 935 1346 validas
966 1318 998 1345 et
1023 1313 1090 1345 effi-

353 1378 448 1401 caces
474 1367 614 1400 existere
640 1372 673 1399 et
703 1367 782 1406 fore,
809 1377 953 1409 suosque
978 1368 1090 1409 plena-

352 1420 420 1453 rios
447 1424 479 1453 et
503 1419 650 1462 integros
676 1418 811 1452 effectus
837 1419 949 1452 sortiri
976 1424 1008 1452 et
1033 1420 1090 1452 ob-

353 1473 459 1506 tinere
473 1499 480 1513 ‚
513 1483 550 1506 ae
570 1473 609 1505 ab
633 1473 710 1513 illis,
744 1473 784 1506 ad
802 1483 884 1516 quos
902 1478 1028 1516 spectat
1059 1477 1092 1506 et

353 1537 414 1570 pro
440 1531 589 1569 tempore
615 1527 890 1569 quandocumque
915 1526 1089 1569 spectabit,

354 1579 591 1612 inviolabiliter
617 1584 649 1612 et.
679 1579 872 1612 inconcusse
906 1579 1090 1619 observari,

355 1636 387 1664 et
418 1630 483 1664 iliis
516 1632 700 1675 respective
726 1632 758 1663 in
785 1632 936 1665 omnibus
969 1637 1001 1664 et
1033 1642 1092 1675 per

353 1685 461 1718 omnia
484 1684 676 1728 plenissime
703 1683 885 1728 suffragari,
921 1685 1034 1728 sicque
1057 1686 1090 1717 in

354 1738 545 1781 praemissis
563 1749 624 1781 per
641 1748 868 1781 quoscumque
894 1738 1020 1770 iudices
1039 1749 1092 1771 or-

355 1790 501 1823 dinarios
527 1796 559 1823 et
583 1791 765 1833 delegatos,
792 1791 889 1823 etiam
919 1801 1090 1824 causarum

354 1842 467 1885 palatii
494 1843 666 1886 apostolici
693 1843 870 1883 auditores,
896 1843 1033 1876 iudicari
1060 1849 1091 1876 et

356 1894 484 1927 definiri
511 1896 652 1937 debere,
674 1907 710 1929 ac
730 1896 859 1928 irritum
886 1902 918 1928 et
941 1897 1037 1929 inane
1064 1898 1089 1929 si

355 1957 452 1980 secus
484 1958 586 1991 super
620 1949 669 1980 liis
702 1959 720 1980 a
756 1959 946 1992 quoquam,
979 1949 1090 1992 quavis

356 2000 564 2042 auctoritate,
576 2002 720 2034 scienter
733 2003 783 2034 vel
797 2002 1002 2044 ignoranter,
1015 2012 1092 2035 con-

355 2052 468 2096 tigerit
492 2055 659 2087 attentari.

399 2109 414 2152 §
439 2107 470 2140 6.
497 2107 567 2141 Non
597 2108 799 2141 obstantibus
829 2108 1033 2152 praemissis,
1056 2120 1091 2142 ac

356 2160 638 2193 constitutionibus
670 2166 702 2194 et
733 2161 991 2194 ordinationibus
1016 2173 1092 2205 apo-

356 2213 487 2253 stolicis,
512 2223 639 2249 necnon
663 2214 878 2256 praefatorum
903 2214 1031 2247 Ordinis
1057 2216 1108 2248 ac*

355 2266 594 2309 proxinciarum
619 2272 650 2299 et
674 2273 899 2306 conventuum,
926 2267 1022 2300 etiam
1046 2268 1093 2300 iu-

354 2324 525 2358 ramento,
552 2319 800 2356 confirmatione
825 2320 1014 2363 apostolica,
1040 2318 1109 2354 vel?

356 2371 466 2414 quavis
491 2371 643 2404 firmitate
672 2371 734 2404 alia
763 2372 936 2412 roboratis,
963 2374 1089 2406 statutis

354 2477 490 2510 indultis
515 2483 546 2510 et
570 2477 684 2510 litteris
709 2478 895 2521 apostolicis
919 2478 952 2511 in
969 2485 1092 2513 contra-

353 2530 436 2563 rium
461 2531 710 2574 praemissorum
742 2532 987 2574 quomodolibet
1014 2543 1090 2565 con—

354 2582 467 2623 cessis,
493 2584 677 2628 approbatis
712 2590 743 2617 et
766 2584 944 2625 innovatis,
972 2585 1087 2628 quibus

1121 261 1268 293 omnibus
1282 266 1310 293 et
1327 261 1468 302 singulis,
1484 262 1610 294 illorum
1623 266 1750 294 tenores
1763 272 1855 304 prae-

1121 313 1266 345 sentibus
1284 324 1342 356 pro
1357 314 1451 356 plene
1470 319 1500 345 et
1514 313 1712 346 sufficienter
1729 324 1855 356 expres-

1121 365 1163 397 sis
1184 376 1219 397 ac.
1245 366 1283 397 de
1309 366 1407 398 verbo
1433 367 1469 397 ad
1496 367 1625 398 verbum
1651 366 1781 398 insertis
1804 367 1855 399 ha-

1120 417 1244 457 bentes,
1263 417 1327 450 illis
1349 419 1426 449 alias
1446 418 1477 449 in
1498 429 1553 451 suo
1574 420 1690 451 robore
1708 429 1854 462 perman-

1121 470 1221 509 suris,
1247 471 1284 502 ad
1316 471 1567 513 praemissorum
1599 472 1768 511 ellectum,
1795 473 1855 505 hac

1120 521 1188 554 vice
1203 523 1373 562 dumtaxat,
1392 524 1576 566 specialiter
1595 530 1625 557 et
1641 535 1789 567 expresse
1805 526 1855 558 de-

1103 585 1289 622 negamus,
1317 576 1499 618 ceterisque
1531 577 1698 609 contrariis
1724 578 1856 620 quibus-

1121 637 1270 670 cumque.

1165 681 1277 713 Datum
1302 682 1436 721 Romae,
1464 683 1547 725 apud
1581 683 1610 715 S.
1640 682 1767 715 Mariam
1794 684 1855 715 Ma-

1104 733 1241 774 iorem,
1267 735 1324 766 sub
1358 736 1475 767 annulo
1508 735 1693 775 l'iscatoris,
1719 736 1770 767 die
1798 746 1855 769 xm

1122 785 1201 818 iunii
1232 796 1397 826 MDCLxui,
1425 787 1631 830 pontificatus
1665 788 1768 820 nostri
1802 798 1856 820 an-

1105 878 1106 881 *
1123 850 1162 872 no
1189 850 1231 873 ix.

1158 900 1215 927 Dat.
1233 900 1276 928 die
1294 901 1326 928 13
1341 901 1405 928 iunii
1424 902 1500 937 1663,
1518 902 1612 937 pontif·
1629 910 1698 929 anno
1714 911 1748 931 ix.

1418 1044 1556 1078 CDXLII.

1124 1123 1333 1165 Confirmatio
1347 1125 1562 1167 quorumdam
1572 1129 1767 1157 statutorum
1781 1136 1858 1168 pro-

1166 1177 1291 1210 vinciae
1315 1177 1501 1210 Brittam‘ae
1517 1182 1648 1220 patrum
1671 1178 1858 1211 Recollecto-

1166 1240 1240 1261 rum
1265 1240 1302 1262 ao
1332 1229 1369 1262 cle
1395 1229 1605 1263 Observunlia
1632 1230 1765 1263 Ordinis
1797 1230 1858 1262 Mi-

1168 1293 1282 1315 norum
1305 1284 1410 1316 sancti
1433 1283 1463 1316 F
1465 1284 1602 1315 rancisci
1626 1285 1712 1316 circa
1736 1284 1858 1317 electio-

1169 1345 1236 1367 nem
1247 1335 1461 1378 provincialis
1482 1340 1509 1368 el
1527 1336 1735 1378 definitorum
1748 1335 1768 1368 ¹.

1317 1416 1480 1443 Alexander
1499 1416 1578 1450 Papa
1598 1417 1665 1447 vu,

1265 1459 1301 1486 ad
1321 1460 1453 1487 futuram
1471 1461 1515 1487 rei
1535 1461 1713 1488 memoriam.

1168 1529 1182 1572 ἓ
1208 1529 1237 1561 ’1.
1264 1529 1386 1573 Exponi
1405 1530 1498 1563 nobis
1524 1541 1626 1573 nuper
1647 1530 1794 1563 fecerunt
1814 1530 1860 1563 di-

1124 1583 1196 1615 lecti
1223 1583 1278 1616 filii
1305 1584 1418 1616 fratres
1436 1584 1609 1617 Recollccti
1633 1584 1719 1617 etde
1745 1584 1860 1617 Obser-

1124 1635 1229 1668 vantia
1249 1637 1423 1678 nuncupati
1449 1637 1631 1680 provinciae
1662 1647 1697 1669 ac
1721 1637 1860 1669 nationis

1125 1692 1157 1719 et.
1176 1688 1305 1731 linguae
1329 1689 1543 1721 Brittannicae
1562 1689 1594 1720 in
1619 1689 1720 1722 Gallia
1734 1689 1860 1721 Ordinis

1126 1741 1256 1774 fratrum
1281 1742 1436 1775 Minorum
1453 1742 1554 1774 sancti
1572 1742 1740 1782 Francisci,
1760 1742 1858 1785 quod,

1124 1806 1195 1827 cum
1220 1806 1331 1828 omnes
1357 1800 1388 1827 et
1412 1795 1529 1837 singuli
1560 1788 1734 1828 eonverstus
1758 1795 1860 1827 dictae

1125 1847 1309 1890 provinciae
1327 1848 1359 1880 in
1377 1848 1505 1880 natione
1523 1848 1651 1890 linguae
1669 1848 1859 1880 Brittanicae

1125 1900 1317 1940 consistant,
1345 1901 1487 1943 exceptis
1519 1901 1643 1933 duobus
1668 1900 1701 1932 in
1732 1900 1859 1932 natione

1125 1952 1254 1994 linguae
1275 1952 1422 1985 'Gallicae
1452 1953 1676 1993 existentibus3
1704 1953 1778 1986 ideo
1807 1954 1862 1985 du-

1126 2005 1210 2045 dum,
1222 2005 1260 2037 ad
1276 2005 1493 2047 extinguenda
1507 2005 1589 2045 odia,
1600 2015 1761 2045 rancores,
1776 2006 1859 2045 lites,

1124 2059 1209 2091 rixas
1235 2063 1267 2091 et
1283 2059 1519 2099 contentiones,
1537 2069 1618 2101 quae
1642 2058 1728 2091 inter
1749 2059 1860 2090 fratres

1125 2112 1288 2154 utriusque
1314 2111 1441 2154 linguae
1468 2111 1650 2144 huiusmodi
1676 2111 1751 2144 oriri
1777 2115 1861 2154 pote-

1107 2169 1215 2211 1trant7
1242 2175 1299 2208 per
1324 2164 1485 2207 quondam
1509 2164 1709 2197 Yincentium
1734 2165 1861 2196 Luinel-

1126 2218 1201 2258 lum,
1230 2217 1304 2250 dum
1327 2218 1412 2258 vixit,
1438 2217 1566 2250 Ordinis
1590 2217 1745 2260 praedicti
1771 2216 1861 2249 mini-

1125 2276 1225 2302 strum
1248 2271 1440 2313 generalem,
1463 2281 1498 2303 ac
1515 2270 1664 2303 loannem
1683 2270 1860 2302 Diridolum

1126 2323 1269 2356 eiusdem
1303 2323 1485 2366 provinciae
1518 2323 1698 2355 ministrum
1735 2322 1862 2365 provin-

1107 2376 1249 2420 cialem,
1270 2386 1395 2409 necnon
1417 2376 1601 2409 definitores
1622 2381 1652 2408 et
1670 2376 1795 2408 vocales
1816 2385 1862 2407 ca-

355 2430 388 2456 et
416 2424 718 2465 consuetudinibus,
746 2425 925 2468 privilegiis
950 2425 1110 2470 quoque,¹⁴

1125 2429 1217 2472 pituli
1243 2429 1446 2472 provincialis
1471 2428 1652 2472 provinciae
1678 2427 1859 2461 huiusmodi

1125 2482 1257 2515 Cuburis
1281 2492 1381 2525 prope
1404 2481 1688 2515 Montemrelaxum
1710 2480 1860 2514 celebrati

1162 2596 1172 2620 1
1196 2594 1232 2621 Ex
1254 2594 1362 2629 Regest.
1385 2594 1410 2621 in
1430 2594 1528 2622 Secret,
1552 2595 1627 2622 Brev.

1764 204 1826 237 179
1872 213 1921 240 An.
1937 213 1966 240 c.
1988 213 2055 240 isca

1900 1539 2023 1561 Exordium.
