2247 3208
202 228 251 251 An.
268 225 295 250 C.
320 223 386 249 1064

432 212 495 246 228

395 272 479 303 ultra
496 267 671 301 triennium
685 274 750 297 non
765 261 923 299 locandis,
938 260 1066 293 nec'non
1081 270 1132 292 re-

396 323 551 356 colendae
569 318 745 352 memoriae
761 315 917 349 Bonifacii
934 314 1040 357 Papae
1056 312 1130 353 VIII,

396 372 664 420 praedecessoris
681 370 803 414 pariter
822 368 938 407 nostri,
953 367 993 400 de
1009 368 1083 405 una,
1101 370 1134 398 et

397 426 526 461 concilii
545 423 708 467 generalis
726 423 764 455 de
783 421 906 454 duabus
926 418 1029 459 dietis,
1047 418 1134 451 aliis—

398 491 459 523 que
479 476 680 522 apostolicis,
700 486 735 508 ac
755 475 787 507 in
805 472 1045 506 universalibus
1061 481 1135 514 pro-

399 531 656 573 vincialibusque
690 534 721 561 et
754 526 961 571 synodalibus
986 523 1134 558 conciliis

400 584 505 623 editis,
532 581 739 626 generalibus
760 581 808 613 vel
823 578 1032 622 specialibus,
1058 586 1136 609 con-

401 635 623 670 stitutionibus
649 640 681 667 et
709 631 981 670 ordinationibus,
1001 640 1038 662 ac
1055 639 1137 672 quo-

401 689 520 722 rumvis
547 693 740 720 testatorum
762 691 794 717 et
815 685 1022 717 fundatorum
1040 681 1136 714 etiam

402 742 523 775 ultimis
549 739 771 773 voluntatibus
797 743 829 770 et
852 734 1137 780 dispositionibus,

402 806 482 839 quas
517 794 624 837 quoad
658 791 838 834 praemissa
875 787 1076 821 sufficienter
1108 790 1140 818 et

404 858 557 891 expresse
591 849 847 882 commutamus,
872 851 1000 874 necnon
1036 839 1139 872 eccle-

405 900 547 939 siarum,
575 896 850 930 monasteriorum
865 921 872 934 ,
897 896 1138 930 conventuum,

405 952 618 994 collegiorum
644 956 675 982 et
699 950 845 982 locorum
862 946 1000 990 piorum,
1027 954 1062 976 ae
1086 942 1140 975 Or-

407 1005 538 1041 dinum⁷
575 1000 866 1044 congregationum
882 1024 889 1038 ,
925 997 1139 1035 societatum,

407 1057 503 1090 etiam
528 1056 611 1093 Iesu,
632 1053 819 1086 militiarum
838 1056 870 1083 et
887 1050 1024 1083 aliorum
1049 1058 1142 1091 prae-

409 1111 585 1148 dictorum,
610 1113 641 1139 et
668 1103 836 1149 quibusvis
860 1103 949 1142 aliis,
975 1102 1071 1135 etiam
1095 1101 1141 1132 iu-

409 1167 567 1199 ramento,
601 1157 850 1192 confirmatione
876 1155 1064 1199 apostolica,
1089 1154 1141 1186 vel

410 1214 520 1257 quavis
546 1212 695 1244 firmitate
722 1210 783 1243 alia
808 1208 988 1248 roboratis,
1015 1206 1141 1239 statutis

411 1273 443 1299 et
463 1263 763 1302 cousuetudInibus,
785 1260 1014 1294 stabilimentis
1032 1264 1064 1292 et
1082 1260 1144 1291 usi-

410 1321 471 1352 bus
498 1319 593 1351 etiam
620 1315 941 1353 immemorabilibus,
964 1312 1143 1356 privilegiis

413 1383 565 1416 quoque,
592 1370 723 1403 indultis
748 1375 780 1402 et
803 1368 921 1401 litteris
947 1366 1143 1410 apostolicis,

414 1426 539 1458 eisdem
563 1423 720 1461 ecclesiis,
747 1420 970 1460 monasteriis,
997 1419 1144 1461 collegiiS

415 1484 447 1510 et
470 1478 550 1510 locis
576 1477 648 1519 piis,
667 1486 701 1507 ac
718 1474 900 1514 Ordinibus,
919 1472 1147 1515 congregatio-

415 1531 518 1569 nibus,
545 1529 769 1567 societatibus,
794 1528 890 1560 etiam
916 1527 998 1566 Iesu,
1023 1525 1146 1559 militiis

417 1589 449 1616 et
474 1583 543 1615 aliis
570 1581 763 1626 praedictis,
791 1581 989 1623 illorumque
1014 1588 1149 1622 praesu-

417 1637 510 1675 libus,
538 1635 701 1678 capitulis,
728 1633 916 1673 abbatibus,
941 1644 977 1666 ac
1001 1632 1072 1665 aliis
1098 1643 1150 1665 su-

418 1689 604 1732 perioribus
619 1693 650 1720 et
663 1687 815 1731 personis
830 1686 1037 1730 quibuslibet,
1054 1685 1150 1718 etiam

418 1743 450 1774 in
477 1743 587 1774 limine
615 1741 812 1773 fundationis
832 1745 864 1772 et
881 1739 1066 1778 erectIOnis,
1092 1738 1150 1771 sub

421 1794 677 1837 quil‘msctunque
709 1792 883 1825 verborum
915 1792 1085 1824 tenoribus
1122 1795 1153 1823 et

422 1847 545 1886 formis,
570 1857 605 1878 ac
623 1857 694 1878 cum
713 1845 878 1888 quibusvis
900 1844 996 1877 etiam
1021 1845 1154 1886 deroga-

422 1900 579 1932 toriarum
597 1898 823 1940 derogatoriis,
841 1896 977 1940 aliisque
1001 1896 1154 1929 efficacio-

422 1953 518 1991 ribus,
538 1951 769 1984 ctlicaeissimis
786 1956 818 1983 et
834 1950 973 1983 insolitis
988 1949 1152 1989 clausulis,

423 2016 457 2037 ac
472 2005 674 2037 irritantibus
690 2009 722 2037 et
738 2003 807 2043 aliis
822 2004 973 2043 decretis,
985 2003 1018 2035 in
1033 2013 1154 2045 genere

424 2059 473 2090 vel
499 2058 531 2089 in
549 2058 670 2100 specie,
689 2057 720 2089 in
740 2057 942 2090 contrarium
959 2055 1157 2099 praemisso-

424 2121 496 2142 rum
524 2109 963 2152 quomodolibetconcessis,
986 2108 1156 2141 confirma-

426 2163 466 2194 tis
489 2168 519 2194 et
536 2162 711 2202 innovatis,
737 2161 855 2205 quibus
877 2161 1028 2194 omnibus
1046 2167 1078 2195 et
1094 2161 1158 2193 sin-

427 2215 530 2256 gulis,
570 2215 695 2247 etiamsi
733 2225 792 2257 pro
821 2215 953 2247 illorum
985 2213 1157 2247 sufficienti

429 2268 639 2310 derogatione
666 2268 703 2300 dc
730 2268 793 2300 illis
818 2278 997 2311 eorumque
1020 2267 1094 2300 totis
1112 2272 1159 2299 te-

428 2320 562 2352 noribus
586 2320 745 2363 specialis,
770 2320 932 2363 specifica,
956 2330 1111 2363 expressa
1129 2324 1161 2352 et

429 2373 605 2413 individua,
625 2383 659 2404 ac
684 2373 723 2405 de
749 2374 849 2405 verbo
875 2373 914 2406 ad
932 2373 1074 2413 verbum,
1093 2382 1159 2405 non

430 2431 536 2458 autem
553 2436 613 2468 per
630 2427 791 2458 clausulas
813 2427 982 2468 generales
1000 2425 1087 2458 idem
1105 2424 1162 2457 im-

430 2484 608 2522 portantcs,
635 2478 757 2511 mentio
782 2489 839 2511 seu
865 2478 996 2521 quaevis
1023 2479 1083 2511 alia
1108 2488 1162 2510 ex-

431 2531 558 2573 pressio
594 2531 745 2563 habcnda
782 2537 835 2562 aut
873 2532 979 2574 aliqua
1015 2531 1077 2563 alia
1111 2540 1163 2563 ex-

433 2583 548 2625 quisita
581 2584 680 2616 t'orma
713 2584 750 2616 ad
784 2584 846 2616 boc
875 2584 1033 2616 servanda
1058 2584 1161 2623 soret,

971 212 1152 238 BULLARIUM
1175 210 1327 235 ROMANUM

1173 258 1306 291 illorum
1332 258 1477 291 omnium
1502 263 1534 292 et
1557 259 1759 302 singulorum
1774 264 1906 293 tenores

1173 311 1414 355 praesentibus,
1441 322 1477 344 ac
1494 311 1519 344 si
1542 312 1581 345 de
1600 314 1698 346 verbo
1719 313 1758 346 ad
1775 313 1908 346 verbum

1173 364 1403 396 insererentur
1428 367 1461 395 et
1485 364 1758 406 exprimerentur,
1778 375 1836 408 pro
1855 376 1910 398 ex-

1175 417 1294 461 pressis
1319 421 1351 448 et
1374 416 1501 448 insertis
1526 416 1715 457 habentes¹‚
1740 417 1804 450 illis
1829 417 1909 450 alias

1175 471 1209 503 in
1230 481 1289 503 suo
1304 470 1424 502 robore
1445 469 1677 512 permansuris,
1697 471 1736 503 ad
1753 470 1912 513 praemis-

1177 534 1288 557 sorum
1313 521 1462 555 effectum
1487 521 1677 565 specialiter
1694 527 1724 554 et
1744 533 1908 565 expresse,

1177 587 1214 609 ac
1237 575 1427 619 plenissime
1442 579 1473 606 et
1487 573 1686 617 amplissime
1704 574 1910 617 derogamus,

1178 639 1214 661 ac
1240 628 1430 670 derogatum
1455 637 1526 660 esse
1547 627 1705 667 volumus,
1724 626 1908 670 ceterisque

1178 680 1350 714 contrariis
1377 679 1646 723 quibuscumque,

1223 735 1237 777 ἓ
1261 734 1291 766 7.
1319 734 1381 765 Aut
1406 733 1431 765 si
1449 732 1603 776 praefatis
1628 737 1660 764 et
1684 732 1754 765 aliis
1781 731 1912 775 quibus-

1179 787 1259 820 libet
1282 785 1500 819 communiter
1523 786 1573 818 vel
1595 785 1721 818 divisim
1740 785 1778 818 ab
1799 785 1913 818 eadem

1180 840 1221 873 sit
1243 839 1324 872 Sede
1350 839 1511 871 indultum
1535 838 1623 881 quod
1648 837 1815 878 interdici,
1844 848 1913 870 sus-

1180 893 1278 937 pendi
1295 897 1326 924 et
1340 891 1611 924 excommunicari
1626 901 1691 924 non
1709 891 1838 934 possint
1853 901 1914 935 per

1183 946 1308 979 litteras
1342 944 1541 988 apostolicas
1572 954 1639 976 non
1675 944 1830 977 facientes
1849 944 1914 987 ple·

1181 1009 1255 1031 nam
1281 1002 1313 1030 et
1336 1007 1524 1039 expressam
1545 1006 1582 1028 ac
1605 996 1644 1028 de
1662 996 1762 1028 verbo
1787 996 1827 1028 ad
1845 1006 1915 1029 ver-

1180 1051 1259 1082 bum
1283 1049 1322 1081 de
1347 1049 1471 1081 indulto
1493 1047 1681 1081 huiusmodi
1698 1048 1911 1080 mentionem.

1226 1104 1240 1146 g
1265 1101 1296 1135 8.
1329 1102 1482 1134 Volentes
1514 1100 1636 1144 pariter
1659 1106 1695 1133 ut
1725 1101 1915 1134 earumdem

1182 1155 1405 1200 praesentium
1422 1155 1601 1189 litterarum
1619 1153 1841 1197 transumptIS,
1858 1164 1917 1187 seu

1184 1208 1352 1251 exemplis,
1365 1207 1463 1240 etiam
1477 1206 1656 1250 impressis,
1670 1217 1767 1240 manu
1780 1206 1916 1239 alieuius

1184 1261 1300 1294 notarii
1322 1260 1445 1304 publici
1461 1259 1666 1303 subscriptis,
1687 1265 1720 1292 et
1736 1259 1845 1302 sigillo
1862 1259 1920 1293 ali-

1185 1314 1274 1347 cuius
1292 1319 1433 1346 vestrum
1450 1323 1507 1346 seu
1524 1313 1656 1345 alterius
1683 1312 1918 1356 cuiuscumque

1186 1377 1344 1410 personae
1369 1366 1402 1398 in
1425 1365 1644 1398 ecclesiastica
1666 1365 1821 1408 dignitate
1846 1376 1922 1398 con-

1187 1421 1316 1452 stitutae
1337 1419 1482 1459 munitis,
1502 1419 1616 1451 eadem
1635 1428 1771 1461 prorsus
1789 1416 1869 1451 fides
1888 1418 1920 1450 in

1187 1472 1306 1505 iudicio
1332 1477 1364 1504 et
1386 1476 1475 1504 extra
1492 1471 1615 1513 ubique
1636 1471 1783 1503 locorum
1802 1470 1922 1503 habea-

1189 1532 1249 1565 tur,
1275 1535 1357 1568 quae
1383 1524 1461 1567 ipsis
1487 1523 1713 1567 praesentibus
1730 1524 1920 1565 haberetur,

1190 1579 1215 1611 si
1241 1579 1349 1611 forent
1373 1577 1537 1610 exhibitae
1561 1576 1612 1610 vel
1638 1581 1803 1609 ostensae.

1234 1633 1249 1676 g
1273 1631 1304 1665 9.
1331 1631 1481 1665 Ceterum
1498 1630 1588 1663 vobis
1609 1630 1696 1663 serio
1714 1629 1922 1672 iniungimus,

1191 1690 1403 1718 memoratum
1428 1683 1630 1726 Leopoldum
1661 1693 1774 1725 regem
1806 1682 1839 1715 in
1864 1682 1924 1715 im-

1192 1743 1377 1782 peratorem
1401 1738 1542 1770 electum
1566 1735 1699 1769 nomine
1716 1740 1828 1769 nostro
1848 1735 1926 1768 hor-

1194 1792 1315 1832 temini,
1340 1790 1513 1834 requiratis
1538 1794 1569 1822 et
1592 1788 1765 1830 moneatis,
1791 1793 1838 1830 ut,
1864 1798 1925 1832 pro

1194 1845 1263 1877 eius
1287 1844 1408 1888 pietate
1435 1848 1467 1876 et
1490 1842 1664 1885 religione,
1690 1852 1727 1875 ac
1755 1840 1927 1875 conscien-

1195 1898 1256 1930 tiae
1281 1907 1357 1930 suae
1383 1895 1625 1939 tranquillitate,
1652 1905 1744 1927 more
1768 1893 1928 1927 maiorum

1196 1958 1341 1987 suorum,
1367 1946 1421 1990 qui
1445 1945 1626 1979 Ecclesiam
1651 1950 1771 1977 sartam
1796 1949 1926 1986 tectam,

1196 2000 1379 2042 Christique
1391 1998 1623 2042 patrimonium
1631 2008 1865 2041 usquequaque
1876 2008 1929 2029 au-

1197 2058 1283 2085 ctum
1316 2057 1348 2084 et
1382 2051 1546 2084 illibatum
1581 2055 1691 2083 sancte
1722 2055 1755 2083 et
1788 2049 1929 2082 fideliter

1195 2109 1440 2145 conservarunt,
1466 2102 1706 2136 ecclesiasticae
1735 2101 1929 2135 immunitati

1199 2157 1411 2196 consulendo,
1440 2157 1498 2188 has
1529 2155 1742 2189 ecclesiarum
1772 2155 1929 2195 iacturas,

1200 2209 1370 2253 assignatis
1396 2209 1473 2252 ipsis
1489 2209 1634 2241 ecclesiis
1651 2207 1931 2251 aequivalentibus

1200 2262 1478 2302 retributionibus,
1492 2263 1542 2295 vel
1557 2262 1647 2303 alias,
1664 2262 1825 2304 condigna
1841 2260 1933 2294 satis-

1202 2317 1338 2350 factione
1363 2327 1399 2349 ae
1423 2315 1583 2358 imperiali
1605 2314 1814 2355 liberalitate,
1831 2324 1933 2358 quan—

1202 2369 1329 2403 tocitius
1353 2369 1417 2402 Deo
1439 2368 1606 2401 adiuvante
1624 2367 1756 2411 poterit,
1774 2376 1932 2411 reparare

1203 2433 1267 2455 non
1290 2422 1538 2465 praetermittat.

1246 2475 1360 2507 Datum
1384 2475 1520 2515 Romae,
1547 2474 1633 2518 apud
1657 2473 1688 2506 S.
1715 2473 1847 2506 Mariam
1871 2471 1935 2506 Ma-

1242 2548 1251 2573 1
1275 2547 1344 2574 Ilaec
1369 2546 1450 2573 verba
1465 2554 1519 2580 pro
1538 2545 1681 2580 expressis
1699 2547 1726 2573 et
1744 2544 1862 2573 insertis
1880 2544 1935 2583 ha-v

1205 2591 1298 2619 bentes
1313 2599 1360 2618 nos
1375 2590 1497 2618 addimus
1510 2590 1551 2624 (a.
1568 2589 1618 2624 T.).
1732 2598 1789 2610 f.»

1910 212 1960 238 An.
1975 211 2004 238 C.
2023 210 2093 239 tes—4

1963 1112 2025 1134 Fidus
2040 1112 2111 1134 danda

1926 1139 2070 1164 transumpta.

1960 1637 2085 1659 satisfactio
2096 1636 2117 1658 in

1934 1665 2035 1686 futurum.
