2247 3208
191 218 239 242 An.
256 216 282 242 (2.
309 214 373 241 1607

213 1536 292 1557 Mutiva
310 1541 370 1557 revo-

187 1568 284 1585 canonis.

421 204 484 238 588

383 267 501 300 noster,
529 260 624 292 certis
651 264 725 290 tunc
750 256 910 300 expressis
936 253 1040 287 causis
1066 253 1120 285 ad-

383 316 507 352 ductus,
523 311 791 354 congregationes
809 309 1039 342 monachorum
1053 306 1118 339 Val-

382 366 592 399 lisumbrosae
630 370 660 396 et
695 363 956 396 Silvestrinorum
994 370 1119 393 nuncu-

382 426 530 463 patorum
567 417 695 450 Ordinis
731 416 832 448 sancti
869 413 1057 452 Benedicti,
1083 423 1118 445 ac

382 472 489 505 omnia
515 476 547 503 et
570 470 697 512 singula
723 469 892 511 utriusque
910 466 1037 500 illdrum
1054 476 1118 498 mo-

381 524 532 563 nasteria,
560 522 716 565 grancias,
744 525 946 559 conventus,
975 518 1118 551 membra

382 582 413 609 et
438 576 500 609 alia
529 577 599 608 loca
624 574 786 617 regularia
811 581 1046 616 quaecumque,
1079 570 1117 602 ad

381 629 452 661 illas
477 629 588 671 quovis
605 628 701 660 modo
720 626 908 669 spectantia,
928 629 959 657 et
979 624 1017 656 ab
1039 623 1116 666 ipsis

381 680 687 723 congregationibus
716 688 890 721 earumque
912 676 1117 710 monasteriis

380 740 411 766 et
432 733 509 766 locis
535 732 736 775 regularibus
761 731 1066 774 quomodocumque
1088 733 1119 761 et

379 787 656 829 qualitercumque
694 783 928 827 dependentia,
956 783 989 814 in
1023 792 1118 814 unam

380 839 675 881 congregationem,
696 847 776 879 quae
799 835 1005 878 congregatio
1022 833 1118 866 Vallis

379 891 556 924 Umbrosae
584 895 615 922 et
646 889 831 922 Silvestrina
855 888 983 921 Ordinis
1015 887 1118 919 sancti

380 944 546 976 Benedicti
565 943 742 985 nuncupari
755 941 772 981 ¹,
799 946 829 973 et
847 940 1028 973 coniunctis
1053 950 1119 971 am-

379 997 492 1029 barum
517 996 807 1038 congregationum
834 993 1016 1026 huiusmodi
1042 992 1119 1025 insi-

381 1049 495 1091 gnibus
520 1049 565 1080 uti
593 1048 740 1087 deberet,
768 1052 925 1090 perpetuo
952 1045 1118 1078 coniunxit

381 1107 412 1135 et
436 1101 559 1141 univit,
587 1111 656 1133 cum
684 1100 816 1133 diversis
841 1098 1116 1136 ordinationibus,

382 1155 508 1187 statutis
534 1159 566 1186 et
591 1153 743 1191 decretis,
772 1153 869 1195 prout
894 1153 927 1184 in
953 1152 1054 1194 ipsius
1081 1151 1119 1183 Α-

382 1208 527 1240 lexandri
556 1206 816 1250 praedecessoris
841 1206 956 1238 litteris
977 1205 1119 1247 desuper

381 1261 414 1294 iu
440 1261 533 1294 simili
573 1262 674 1293 forma
708 1260 814 1292 Brevis
841 1260 891 1291 die
917 1269 989 1292 xxix
1013 1259 1117 1291 martii

381 1324 512 1348 naemu
534 1313 702 1356 expeditis,
717 1323 851 1355 quarum
867 1317 1012 1345 tenorem
1028 1322 1119 1354 prae-

382 1367 526 1399 sentibus
548 1377 605 1409 pro
619 1367 714 1408 plene
733 1370 764 1397 ct
783 1365 976 1397 sufficienter
990 1375 1118 1407 expres-

382 1430 416 1452 so
435 1430 469 1451 ac
488 1420 525 1451 de
544 1419 640 1451 verbo
658 1419 696 1450 ad
714 1418 846 1450 verbum
864 1416 976 1450 haberi
996 1417 1117 1449 inserto

382 1474 538 1511 volumus,
565 1471 697 1503 uberius
722 1471 918 1503 continetur.

425 1527 440 1569 g
466 1526 496 1558 ⁹2.
524 1525 601 1558 Cum
619 1530 736 1564 autem,
763 1524 844 1556 sicut
868 1523 1060 1566 accepimus,
1082 1533 1118 1555 ex·

383 1578 541 1611 dictarum
572 1577 860 1620 congregationum
887 1576 1006 1609 unione
1032 1581 1063 1608 et
1086 1575 1119 1608 in

382 1641 480 1663 unum
518 1641 637 1673 corpus
669 1628 895 1661 coniunctione
914 1627 1118 1660 *huiusmodi

382 1695 447 1717 non
465 1684 568 1716 solnm
583 1683 759 1726 spiritualis
781 1681 1036 1724 temporalisque
1054 1681 1120 1713 illa·

382 1748 454 1770 rum
472 1737 604 1776 utilitas,
621 1747 715 1779 quam
728 1740 922 1767 memoratus
939 1734 1120 1767 Alexander

382 1791 616 1834 praedecessor
632 1789 724 1821 unice
743 1788 918 1830 spectabat,
946 1792 1119 1819 consecuta

382 1854 446 1876 non
474 1844 522 1882 sit,
550 1844 605 1875 scd
631 1842 727 1874 etiam
745 1841 829 1873 varia
848 1841 932 1873 inter
951 1840 1119 1883 utriusque

383 1895 646 1939 congregationis
682 1895 858 1929 monachos
894 1893 1027 1926 dissidia
1058 1892 1122 1924 sint

384 1955 514 1987 exorta,
543 1959 625 1991 quae
651 1957 762 1979 eorum
796 1945 968 1988 religiosae
993 1944 1118 1987 quieti,

384 2003 593 2046 ipsarumque
634 2000 922 2043 congregationum
959 1998 1053 2030 statui
1090 2002 1122 2029 et

387 2056 472 2087 felici
500 2054 670 2087 directioni
704 2063 768 2087 non
805 2051 967 2084 modicum
993 2050 1121 2083 adferre

385 2113 560 2140 noscuntur
586 2106 830 2139 detrimentum:
857 2104 933 2136 hinc
958 2108 1005 2135 est.
1035 2103 1122 2145 quod

386 2171 453 2200 nos,
471 2171 529 2203 pro
553 2159 722 2192 commissa
747 2157 841 2190 nobis
865 2156 998 2189 caelitus
1017 2160 1124 2198 pasto-

384 2213 460 2245 ralis
487 2212 581 2244 oflicii
608 2214 693 2252 cura,
715 2210 797 2243 felici
824 2218 1048 2253 prosperoque
1073 2218 1124 2240 ea-

385 2265 532 2297 rumdem
548 2263 835 2306 congregationum
852 2260 1002 2304 regimini
1024 2265 1056 2292 et
1073 2271 1125 2302 gu-

385 2318 520 2357 bernio,
555 2327 727 2359 earumque
759 2315 939 2358 respective
964 2314 1125 2356 professo-

387 2382 457 2403 rum
494 2370 718 2413 tranquillitati
752 2369 944 2408 salubriter,
971 2372 1124 2411 quantum

387 2424 481 2457 nobis
507 2435 542 2456 ex
566 2424 628 2455 alto
654 2422 853 2461 conceditur,
879 2422 1049 2453 consulere
1070 2431 1125 2452 cu-

387 2478 522 2521 pientes,
538 2481 623 2509 motu
649 2475 794 2519 proprio,
814 2485 849 2507 ac
866 2485 902 2507 ex
919 2475 1005 2506 certa
1022 2473 1126 2505 scien-

427 2593 437 2619 1
461 2591 526 2619 lllale
543 2590 584 2618 ed.
602 2589 680 2617 Maia.
698 2589 761 2625 legit
776 2588 937 2624 nuncupati
952 2588 989 2623 (a.
1005 2589 1052 2621 τ.).

970 206 1151 231 BULLARIUM
1177 205 1328 229 noaraNt'M

1914 202 1961 228 An.
1976 200 2004 228 C.
2028 200 2092 227 1667

1163 251 1206 284 tia
1231 256 1262 284 et
1287 253 1413 284 matura
1439 252 1671 285 deliberatione
1696 250 1824 290 nostris,
1844 250 1900 283 de-

1162 314 1225 347 que
1251 303 1445 347 apostolicae
1469 305 1639 347 potestatis
1671 304 1897 347 plenitudine,

1162 357 1316 389 unionem
1341 361 1373 389 et
1397 356 1658 389 coniunctionem
1683 357 1898 400 praefatarum

1161 410 1296 442 duarum
1336 409 1626 452 congregationum
1661 410 1896 442 monachorum

1160 462 1435 496 Vallisumbrosae
1461 467 1498 494 etv
1515 461 1785 502 Silvestrinorum,
1813 473 1848 495 ac
1864 463 1899 495 il-

1161 517 1265 548 larum
1289 515 1458 558 utriusque
1492 515 1780 555 monasteriorum,
1803 525 1897 558 gran-

1161 569 1293 607 ciarum,
1320 573 1548 607 conventuum,
1568 569 1787 601 membrorum
1805 573 1837 600 et
1852 569 1898 600 lo-

1161 632 1271 654 corum
1294 621 1491 664 regularium
1524 620 1705 654 huiusmodi
1737 621 1769 653 in
1802 631 1899 653 unam

1161 673 1447 716 congregationem
1484 684 1502 705 a
1536 673 1681 716 praefato
1715 673 1898 706 Alexandro

1161 727 1413 770 praedecessore
1442 726 1539 759 factas
1563 731 1598 758 ut
1630 726 1831 769 praefertur,
1866 736 1899 758 e-

1162 785 1372 823 manatasque
1412 780 1550 822 desuper
1588 779 1690 822 ipsius
1726 778 1897 811 Alexandri

1162 833 1422 875 praedecessoris
1433 832 1556 865 litteras
1567 831 1775 874 supradictas,
1786 837 1897 864 tenore

1162 884 1394 927 praesentium,
1413 895 1449 917 ex
1467 895 1552 917 nunc
1573 895 1769 924 revocamus,
1789 884 1898 917 dissol-
1941 891 1961 912 ¹1·
1980 892 2091 917 pristinum

1163 937 1275 977 vimus,
1301 937 1461 970 irritamus
1481 942 1512 970 et
1528 938 1744 977 annullamus,
1762 937 1898 970 viribus·
1908 921 2092 974 {21325350351332

1162 1001 1223 1032 que
1250 995 1280 1022 et
1304 989 1418 1022 effectu
1442 989 1570 1032 penitus
1588 994 1619 1021 et
1639 990 1771 1022 omnino
1789 974 1946 1022 vacua-nn.

1161 1052 1243 1082 mus,
1269 1052 1304 1074 ac
1328 1046 1501 1081 revocatas,
1528 1042 1718 1082 dissolutas,
1745 1041 1850 1074 irritas
1867 1046 1899 1074 et

1162 1096 1354 1134 annullatas,
1381 1095 1570 1137 viribusque
1592 1099 1623 1126 et
1647 1093 1760 1127 effectu
1784 1101 1898 1127 vacuas

1162 1159 1230 1181 esse
1256 1154 1284 1181 et
1311 1152 1467 1191 perpetuo
1493 1148 1560 1180 sore
1580 1147 1780 1180 decernimus
1798 1153 1829 1180 et
1846 1147 1899 1180 de-

1162 1203 1330 1241 claramus,
1349 1201 1499 1244 ipsasque
1519 1200 1790 1243 congregationes
1816 1206 1847 1233 et
1863 1200 1900 1233 il-

1162 1255 1264 1287 lorum
1288 1253 1468 1296 respective
1493 1253 1701 1293 monasteria,
1729 1253 1896 1295 grancias,

1162 1312 1359 1346 conventus,
1392 1307 1537 1339 membra
1566 1311 1597 1338 et
1631 1307 1703 1339 loca
1738 1306 1898 1348 regularia

1161 1360 1305 1403 praefata
1320 1360 1358 1392 ab
1373 1359 1510 1391 invicem
1528 1369 1726 1401 separamus,
1742 1369 1778 1391 ac
1792 1358 1823 1390 in
1838 1359 1898 1401 pri-

1162 1413 1278 1444 stinum
1305 1417 1336 1444 et
1359 1422 1442 1449 eum,
1470 1411 1503 1443 in
1528 1422 1592 1454 quo
1617 1416 1789 1453 antequam
1806 1421 1898 1454 prae-

1163 1466 1244 1497 fatae
1281 1464 1452 1498 Alexandri
1477 1463 1738 1507 praedecessoris
1774 1464 1899 1496 litterae

1163 1523 1376 1555 emanassent,
1395 1517 1509 1560 quovis
1535 1516 1631 1549 modo
1657 1522 1749 1549 erant
1773 1521 1898 1555 statum,

1162 1570 1253 1603 itaut
1266 1570 1418 1613 deinceps
1439 1569 1582 1613 pristinis
1600 1569 1779 1612 respective
1798 1569 1901 1601 nomi-

1162 1623 1255 1655 nibus
1281 1628 1375 1666 atque
1400 1622 1580 1665 insignibus
1606 1621 1784 1665 nuncupari
1804 1627 1836 1654 et
1850 1621 1897 1653 uti

1163 1677 1311 1715 debeant,
1337 1676 1551 1716 restituimus,
1569 1675 1760 1718 reponimus
1777 1679 1809 1707 et
1832 1675 1901 1717 ple-

1163 1730 1253 1762 narie
1278 1729 1526 1771 reintegramus,
1552 1738 1679 1761 necnon
1704 1727 1742 1759 ad
1768 1737 1838 1760 eam
1853 1737 1900 1759 re-

1164 1782 1293 1825 giminis
1319 1792 1479 1821 normam,
1506 1791 1569 1824 qua
1594 1786 1668 1813 ante
1693 1780 1849 1812 unionem
1870 1785 1901 1812 et

1164 1835 1427 1868 coniunctionem
1444 1834 1632 1867 huiusmodi
1649 1834 1827 1876 respective
1845 1843 1901 1876 gu-

1164 1888 1396 1928 bernabantur,
1421 1888 1616 1920 reducimus.

1208 1941 1222 1984 g
1246 1941 1277 1974 3.
1315 1941 1533 1974 Decernentes
1559 1941 1690 1973 easdem
1714 1945 1901 1983 praesentes

1165 1994 1286 2027 litteras
1312 1998 1343 2026 et
1367 1994 1399 2026 in
1425 1994 1470 2026 eis
1494 1998 1646 2026 contenta
1667 2003 1898 2036 quaecumque,

1165 2047 1262 2080 etiam
1280 2058 1316 2080 ex
1338 2058 1376 2079 eo
1394 2046 1480 2089 quod
1500 2046 1651 2079 monachi
1669 2045 1814 2088 praefati,
1838 2044 1902 2078 alii-

1166 2111 1229 2143 que
1254 2100 1390 2142 quilibet
1425 2100 1458 2131 in
1483 2099 1667 2141 praemissis
1703 2108 1761 2131 seu
1793 2107 1902 2131 eorum

1167 2153 1277 2195 aliquo
1302 2153 1352 2184 ius
1390 2153 1436 2185 vel
1470 2152 1627 2184 interesse
1660 2152 1818 2183 habentes
1844 2159 1901 2182 seu

1167 2206 1289 2238 habere
1309 2204 1553 2247 quomodolibet
1570 2203 1831 2246 praetendentes,
1851 2212 1904 2234 cu-

1167 2259 1266 2292 iusvis
1287 2263 1394 2297 status,
1412 2258 1542 2300 gradus,
1558 2256 1841 2299 praeeminentiae,
1855 2265 1905 2287 or-

1168 2312 1259 2351 dinis,
1279 2311 1514 2355 supcrioritatis
1531 2316 1561 2343 et
1578 2309 1742 2353 dignitatis
1757 2309 1902 2348 existant,

1168 2365 1292 2398 etiamsi
1330 2364 1544 2397 cardinalatus
1578 2363 1703 2395 honore
1738 2362 1904 2403 fulgeant,

1168 2423 1221 2451 aut
1247 2417 1357 2461 quavis
1382 2417 1444 2449 alia
1469 2415 1685 2448 ecclesiastica
1704 2415 1754 2446 vel
1774 2413 1904 2445 munda-

1168 2474 1208 2504 na
1233 2470 1388 2513 dignitate
1413 2468 1562 2512 praediti,
1590 2478 1647 2500 seu
1673 2467 1752 2499 alias
1769 2465 1902 2508 speciali

1168 2528 1200 2556 et
1225 2522 1388 2556 individua
1404 2521 1568 2554 mentione
1586 2525 1616 2552 et
1633 2518 1839 2562 expressione
1858 2517 1905 2550 di-

1168 2577 1221 2619 gni
1247 2576 1322 2615 sint,
1346 2574 1410 2607 illis
1436 2583 1499 2605 non
1525 2571 1761 2612 consenserint,
1787 2576 1840 2603 aut
1864 2569 1905 2604 ad

1924 1973 1927 1974 γ
1938 1944 2050 1965 Decretum
2067 1944 2096 1964 ir-

1911 1974 1985 1992 ritaus,
