2247 3208
201 201 255 228 An.
277 195 305 223 c.
329 194 395 223 1667
446 185 510 220 618

990 195 1170 219 BELLARIUM
1193 194 1344 221 ROMANEM

1929 198 1977 223 An.
1995 197 2023 223 C.
2046 195 2112 223 tce·

397 244 524 277 honore
550 241 760 283 sulgontibus.
784 241 838 284 qui
865 246 971 273 castra
996 246 1028 273 et
1051 241 1141 273 iuris·
1184 241 1285 274 dictos
1312 253 1425 277 omnes
1451 250 1483 278 et
1507 246 1652 289 singulos
1688 251 1854 290 exemptos
1879 246 1918 278 ad

399 296 557 330 dictiones
597 296 681 326 intra
716 294 833 326 limites
871 294 975 327 dictae
1008 294 1140 326 ditionis
1184 295 1328 328 omnium
1354 301 1386 328 et
1410 296 1611 339 singulorum
1632 310 1768 333 onerum
1794 298 1917 342 praedi·

403 348 589 391 temporalis
621 347 653 379 S.
689 347 725 379 R.
759 347 792 379 E.
828 346 1017 390 possident,
1044 346 1140 379 etiam
1184 353 1307 381 ctorum
1339 350 1535 382 solutionem
1572 357 1604 384 et
1638 352 1919 395 supportationem

399 402 454 444 qui
480 401 560 432 nibil
586 399 710 432 ratione
738 404 920 432 castrorum
952 404 983 431 et
1012 398 1142 431 iurisdi-
1183 412 1241 444 pro
1266 404 1333 435 rata
1358 413 1414 435 eos
1440 408 1592 445 tangente
1617 398 1826 446 imposterum
1852 415 1921 437 rea-

398 453 537 486 ctionum
564 452 748 489 huiusmodi
776 451 848 484 Sedi
870 452 1056 494 praedictae
1083 461 1139 483 an·
1158 441 1163 502 J
1183 455 1257 488 liter
1291 461 1323 488 et
1346 466 1419 488 eum
1445 455 1562 488 ellectu
1585 456 1688 489 teneri
1713 457 1745 489 in
1770 457 1919 490 omnibus

397 506 520 539 nuutim
546 516 603 538 seu
629 505 705 537 alias
732 506 938 548 persolvunt,
962 510 993 537 et
1012 504 1129 537 tamin

398 559 486 597 eolis,
504 569 597 602 quam
612 558 772 591 extraneis
787 564 818 591 et
832 558 1027 597 forensibus,
1046 558 1132 590 bona

400 613 530 645 stabilia
566 623 622 645 seu
654 612 786 645 mobilia
821 612 871 644 vel
904 622 936 644 se
974 611 1140 644 moventia

401 665 596 699 habentibus
623 671 654 698 et
679 665 866 698 tenentibus
891 675 948 697 seu
966 664 1139 708 possiden-

399 719 496 756 tibus,
511 718 722 761 omniumque
737 718 997 761 supradictorum
1013 717 1138 750 colonis

399 777 431 804 et
455 771 706 809 laboratoribus,
724 770 820 804 etiam
837 770 870 802 in
892 779 1137 813 recompensam

399 825 559 861 laborum,
588 825 781 856 damnorum
801 834 969 866 passorum
985 849 992 863 ,
1018 833 1139 866 expen-

399 887 506 909 sarum
522 877 572 909 vel
591 877 789 916 meritorum,
809 887 865 909 seu
878 875 1138 908 illorumintuitu

401 935 433 962 et
457 929 745 972 contemplatione,
773 939 809 961 ac
837 939 874 960 ex
900 927 962 959 alia
987 938 1139 970 quacum-

400 993 463 1026 que
494 983 697 1025 quantumvis
723 981 891 1014 favorabili
918 991 953 1013 ac
978 981 1140 1023 urgentis-

399 1035 479 1068 sima
506 1041 537 1067 et
559 1035 596 1067 de
617 1035 810 1067 necessitate
829 1033 1016 1076 specialiter
1034 1033 1139 1076 expri-

399 1087 516 1119 menda
536 1087 716 1126 causa,s11b
746 1087 1003 1130 quibuscumque
1030 1086 1138 1118 verbo-

400 1151 470 1173 rum
491 1140 603 1173 formis
623 1146 655 1172 et
672 1140 946 1183 expressionibus,
961 1139 1087 1172 etiamsi
1104 1139 1137 1171 in

400 1194 587 1235 appaltuum
626 1198 657 1225 et
693 1193 893 1225 locationum
912 1192 1139 1225 ‘’cameralium

400 1245 623 1278 instrumentis
659 1245 856 1288 promissum
889 1251 920 1278 et
948 1251 1075 1278 cautum
1099 1244 1140 1277 sit

402 1309 456 1331 eas
483 1299 648 1330 observari
675 1299 805 1339 debere,
824 1309 859 1331 ac
876 1309 946 1330 cum
974 1298 1139 1341 quibusvis

401 1351 552 1384 clausulis
579 1357 610 1383 et
628 1351 776 1391 decretis,
795 1351 889 1383 etiam
916 1355 1016 1391 motu,
1035 1350 1140 1383 scien-

401 1404 453 1445 tia,
472 1405 705 1437 deliberatione
717 1404 925 1447 etpotestatis
936 1404 1138 1447 plenitudine

401 1458 545 1502 paribus⁷
568 1458 665 1490 etiam
687 1457 978 1497 consistorialiter,
1006 1462 1037 1490 et
1061 1457 1138 1489 alias

402 1511 709 1554 quomodocumque
736 1516 768 1542 et
793 1510 1081 1553 qualitercumque,
1107 1510 1140 1542 in

402 1574 524 1606 genere
546 1565 595 1595 vel
622 1563 654 1595 in
680 1562 801 1605 specie,
828 1564 866 1595 ad
893 1563 1001 1603 vitani,
1029 1564 1076 1596 vel
1101 1563 1139 1596 ad

402 1622 538 1658 tempus,
562 1615 625 1647 sire
647 1615 678 1646 in
704 1619 896 1657 perpetuum
922 1624 1091 1647 concessas
1109 1620 1141 1647 et

401 1668 502 1707 datas,
525 1678 559 1699 ac
584 1667 706 1709 pluries
731 1672 762 1699 et
785 1666 907 1699 iteratis
929 1666 1052 1699 vicibus
1070 1678 1141 1700 con-

402 1721 554 1760 firmatas,
584 1721 800 1762 api-robataS,
827 1720 1019 1752 revalidatas
1040 1725 1071 1752 et
1094 1721 1141 1752 in-

403 1779 547 1813 novatas,
570 1779 600 1805 ct
613 1773 688 1805 inde
707 1773 802 1805 etiam
817 1773 932 1806 iudicis
951 1774 1140 1806 auctoritate

403 1832 543 1869 sequuta
575 1836 796 1869 quaecumque
814 1853 821 1866 ,
848 1836 976 1860 necnon
1013 1826 1140 1869 quasvis

402 1880 525 1914 litteras
558 1880 653 1912 eliam
686 1879 881 1923 apostolicas
916 1879 972 1911 sul]
1004 1880 1140 1923 plumbo

403 1934 453 1965 vel
480 1933 512 1965 111
539 1932 635 1965 simili
669 1934 769 1965 forma
798 1932 924 1971 Brevis,
955 1937 1141 1976 motuspro-

403 1984 466 2028 prii
492 1985 632 2024 cedulas,
659 1985 878 2027 chirographa
908 1989 939 2017 et
964 1984 1141 2028 scripturas

404 2038 601 2077 huiusmodi,
620 2048 657 2070 ex
673 2048 757 2070 nunc
772 2043 928 2081 perpetuo
943 2048 1139 2080 revocamus,

405 2101 575 2129 cassamus,
587 2091 739 2131 tollimus,
752 2092 953 2133 abrogamus,
967 2092 1139 2132 irritamus,

405 2144 570 2176 abolemus
597 2149 627 2176 et
652 2145 871 2184 annullamus,
898 2144 1083 2187 viribusque
1110 2150 1142 2177 et

405 2196 516 2230 effectu
541 2198 672 2240 1101111115
706 2208 741 2229 ac
774 2198 907 2231 omuino
937 2209 1139 2239 evacuamus,

405 2260 441 2282 ac
462 2259 617 2291 revocata,
636 2256 767 2291 cassata,
791 2253 913 2284 sublata
931 2258 961 2284 et
979 2252 1140 2295 abrogata,

404 2303 527 2336 irritata
553 2309 584 2336 ct
607 2304 727 2340 abolita
751 2310 782 2337 ct
808 2306 980 2344 annullata,
1007 2305 1142 2344 viribus-

405 2366 467 2399 que
494 2361 525 2388 et
550 2356 665 2389 effectu
684 2357 814 2399 penitus
832 2368 867 2389 ac
891 2357 1021 2390 omnino
1046 2369 1142 2390 vacua

405 2419 477 2442 esse
494 2436 501 2449 ,
529 2419 587 2441 nec
613 2409 670 2442 ulli
696 2419 827 2452 prorsus
851 2410 883 2443 in
909 2410 1063 2454 petitorio
1089 2416 1142 2443 aut

403 2462 616 2505 possessorio,
645 2462 739 2495 ctiam
766 2463 1042 2503 summariissimo,
1068 2474 1142 2496 con-

404 2520 453 2547 tra
477 2515 697 2558 praesentium
730 2516 911 2548 litterarum
937 2521 1085 2549 tenorem
1111 2522 1142 2549 et

405 2569 652 2613 dispositionem
671 2568 836 2611 suffragari
855 2580 961 2613 posse,
976 2570 1031 2603 sed
1052 2581 1141 2613 prae-

1184 512 1216 540 et
1235 518 1293 551 per
1311 509 1420 540 onmia
1436 508 1574 551 perinde
1591 512 1628 541 ac
1648 508 1674 541 si
1696 509 1797 542 dictae
1815 520 1921 542 exem-

1183 561 1313 603 ptiones
1346 566 1378 593 et
1411 561 1629 594 immunitates
1662 562 1707 594 eis
1733 563 1917 594 nullatenus

1183 623 1355 646 concessae
1373 605 1526 653 fuissent,
1545 624 1604 646 1100
1625 613 1753 646 litterae
1771 624 1806 646 ac
1822 614 1919 646 cedu-

1184 667 1233 698 lae
1257 666 1503 709 motusproprii,
1526 666 1743 709 chirographa
1762 671 1793 699 et
1817 666 1920 709 scrip—

1184 724 1271 751 turae
1299 719 1485 752 huiusmodi
1518 729 1660 762 unquam
1693 723 1917 758 emanassent,

1182 777 1291 811 motu,
1314 771 1468 811 scientia,
1496 771 1733 805 deliberatione
1758 777 1790 804 et
1814 776 1920 814 potes-

1183 825 1255 857 tatis
1292 824 1495 867 plenitudine
1532 824 1730 868 praedictis,
1769 823 1920 856 decerni-

1182 888 1265 917 mus,
1293 878 1463 910 statuimus
1489 883 1519 910 et
1545 879 1759 911 declaramus.

1225 932 1239 974 §
1264 931 1294 964 Ξ.
1321 931 1490 964 Praeterea
1516 932 1623 964 omnia
1649 936 1680 964 et
1697 935 2115 983 11113001111111110ειυξιτὲζξῐιῑιίῑεξξζ

1181 984 1350 1026 privilegia
1374 989 1406 1016 et
1426 984 1562 1023 indulta,
1580 983 1730 1027 personis
1755 983 1998 1041 1100105135-ἕζῧῡηᾱάῗὶ
2016 969 2114 1042 &533th-

1182 1038 1265 1077 ticis,
1284 1042 1348 1070 tam
1373 1037 1572 1070 secularibus
1590 1047 1686 1079 quam
1706 1036 1847 1069 cuiusvis
1864 1036 1919 1069 Or·
2109 1031 2114 1036 ’

1183 1089 1275 1129 dinis,
1302 1090 1562 1132 congregationis
1588 1095 1621 1123 et
1645 1089 1792 1129 instituti,
1810 1099 1846 1121 ac
1865 1088 1921 1122 So-

1181 1143 1304 1175 cietatis
1322 1142 1393 1175 Iesu
1411 1143 1626 1185 regularibus,
1642 1152 1740 1185 super
1758 1141 1920 1175 similibus

1182 1195 1441 1228 immunitatibus
1484 1201 1516 1228 et
1563 1194 1822 1237 exemptionibus
1863 1204 1922 1237 per

1181 1256 1403 1289 quoscumque
1436 1246 1600 1279 Romanos
1628 1245 1798 1278 Pontifices
1830 1255 1922 1288 prae-

1183 1299 1371 1332 decessores
1397 1304 1526 1332 nostros
1551 1308 1717 1338 concessa,
1743 1298 1782 1330 ad
1801 1297 1921 1330 limites

1182 1351 1259 1384 iuris
1279 1352 1469 1392 communis,
1485 1356 1584 1390 motu,
1604 1350 1745 1390 scientia,
1762 1350 1922 1382 delibera-

1183 1404 1279 1445 tione,
1306 1404 1476 1448 potestatis
1502 1403 1717 1447 plenitudine,
1745 1409 1776 1435 et
1804 1407 1920 1435 tenore

1183 1457 1372 1500 praedictis,
1399 1458 1602 1490 reducimus.
1634 1456 1690 1489 illa
1720 1467 1798 1489 vero
1836 1466 1919 1499 quae

1183 1511 1349 1544 nonnullis
1375 1510 1523 1552 collegiis
1547 1510 1579 1542 in
1598 1510 1681 1542 alma
1698 1509 1782 1542 Urbe
1808 1510 1919 1542 nostra

1184 1563 1392 1596 existentibus
1424 1574 1484 1606 per
1516 1563 1652 1596 dilectos
1676 1561 1759 1595 filios
1784 1561 1918 1594 clericos

1183 1617 1349 1659 regulares
1367 1616 1468 1648 dictae
1486 1614 1654 1648 Societatis
1667 1615 1738 1647 Iesu
1757 1614 1821 1647 sive
1840 1614 1920 1646 alios

1184 1680 1403 1713 quoscumque
1421 1668 1637 1702 administrari
1654 1667 1819 1701 consuetis
1838 1666 1920 1699 simi-

1184 1724 1256 1756 liter
1270 1734 1287 1756 a
1304 1723 1454 1756 Romanis
1472 1721 1679 1755 Pontificibus
1693 1721 1920 1764 praedecesso-

1183 1777 1272 1809 ribus
1305 1776 1426 1809 nostris
1455 1785 1610 1808 concessa
1635 1775 1786 1812 suerunt,
1813 1773 1919 1816 quoad

1184 1830 1302 1862 victum
1330 1834 1362 1862 et
1386 1828 1539 1861 vestitum
1571 1828 1746 1866 dumtaxat,
1774 1835 1841 1857 non
1865 1835 1921 1858 au-

1184 1888 1258 1921 tem,
1275 1886 1310 1914 ut
1333 1882 1428 1924 vulgo
1455 1881 1582 1920 dicitur,
1608 1890 1625 1912 a
1645 1879 1782 1911 lundaco
1807 1882 1838 1910 et
1857 1888 1921 1910 ma-

1184 1944 1333 1977 302Ζο110,
1348 1938 1446 1978 prout
1461 1933 1600 1966 antehac
1625 1932 1832 1965 observatum
1850 1930 1918 1970 suit,

1184 1987 1351 2030 suffragari
1376 1987 1522 2019 volumus
1549 1990 1581 2018 et
1603 1983 1818 2018 decernimus.

1227 2042 1241 2083 ἐ
1266 2040 1296 2073 3.
1325 2041 1368 2072 Ac
1393 2039 1522 2071 demum
1547 2037 1664 2070 similia
1696 2035 1865 2079 privilegia
1889 2040 1921 2068 et
1958 2042 2115 2071 Priviteuiano·

1896 2087 1902 2093 ,
1932 2069 2014 2093 potibus
2025 2069 2114 2094 praede-

1184 2094 1306 2126 indulta
1330 2091 1505 2135 nepotibus
1528 2095 1559 2123 et
1582 2090 1653 2122 aliis
1671 2098 1920 2131 consanguineis
1932 2100 2039 2142 5335ffis¹1
2065 2095 2115 2116 data

1183 2147 1232 2178 vel
1247 2145 1397 2178 affinibus
1412 2153 1689 2188 quorumcumque
1700 2142 1921 2174 Romanorum

1184 2199 1374 2232 Pontificum
1405 2197 1698 2241 praedecessorum
1733 2200 1922 2228 nostrorum

1184 2263 1243 2295 pro
1259 2258 1402 2294 tempore
1419 2249 1595 2284 viventium
1609 2250 1648 2281 ab
1666 2248 1730 2281 illis
1744 2247 1921 2291 respective

1185 2315 1337 2337 concessa
1350 2303 1462 2337 itidem
1482 2312 1671 2335 revocamus
1690 2305 1722 2334 et
1743 2301 1920 2340 abolemus,

1185 2368 1221 2390 ac
1246 2361 1393 2389 revocata
1418 2361 1449 2389 et
1474 2355 1594 2388 abolita
1631 2364 1702 2388 esse
1728 2364 1764 2386 ac
1796 2351 1920 2386 censeri

1185 2410 1305 2443 debere
1330 2410 1477 2442 volumus
1497 2413 1528 2442 et
1545 2407 1732 2447 statuimus;
1753 2406 1921 2439 declaran-

1185 2469 1231 2496 tes
1250 2463 1305 2496 illa
1329 2462 1452 2496 nemini
1478 2460 1667 2495 eorumdem
1683 2464 1836 2502 nepotum
1854 2457 1919 2490 sive

1184 2516 1502 2559 consanguineorum
1520 2515 1570 2547 vel
1590 2512 1733 2546 affinium
1750 2523 1767 2544 a
1792 2512 1843 2544 die
1862 2521 1919 2544 no-

1184 2574 1265 2603 strae
1292 2570 1331 2602 ad
1357 2568 1472 2602 summi
1498 2568 1696 2611 apostolatus
1719 2564 1845 2609 apicem
1870 2575 1919 2597 as-
